3150 5356
732 621 773 681 65

186 811 235 871 00
258 813 374 872 Phoen.
401 815 464 874 120
489 829 534 888 sq.
611 776 615 790 ’
887 896 892 903 ⁴

453 939 518 997 ubi
541 940 657 999 sedet
679 941 765 1000 alta
786 957 884 1015 rupe
907 943 1100 1002 semifero
1123 944 1239 1004 dolos

453 1062 610 1136 Sphinx
630 1054 699 1123 bre
722 1067 903 1140 nectens

188 1183 296 1244 Troad.
321 1186 383 1244 927
408 1201 453 1259 sq.

452 1314 540 1373 fare
563 1329 662 1387 quos
684 1317 854 1376 Ithacus
877 1317 993 1376 dolos

453 1452 553 1510 quae
575 1439 735 1498 scelera
757 1442 907 1514 nectat,

187 1557 296 1616 Troad.
321 1560 385 1618 523

453 1687 585 1744 nectit
608 1690 773 1759 pectore
796 1691 914 1747 estus
937 1688 1126 1763 callidos

186 1807 264 1865 Aen.
282 1806 344 1866 IX.
370 1808 433 1867 219

406 1935 617 2007 rectisque
646 1936 862 2010 nequidquam
885 1952 997 1996 000000
1020 1938 1139 1996 000000.

185 2052 234 2112 Sic
256 2053 325 2113 Val.
349 2056 449 2116 Flaec.
473 2059 528 2116 ΠΙ.
553 2060 617 2118 374

585 2199 628 2242 00
650 2183 712 2242 0000
733 2187 858 2244 0000000

188 2304 284 2363 00000
305 2319 428 2377 000000·

185 2426 253 2486 Liv.
276 2427 406 2488 XXVII.
433 2431 474 2489 28

188 2567 223 2610 00
245 2554 296 2612 000
318 2553 407 2612 dotes
429 2557 599 2613 necteretur
621 2571 642 2614 0
664 2556 770 2616 Poene
791 2560 949 2628 00000000·

187 2673 258 2733 Tac.
282 2676 366 2735 Ann.
389 2677 461 2736 ΧΠ.
489 2679 528 2737 14

227 2800 359 2858 ceterum
389 2799 533 2859 Gotarzes
547 2844 640 2860 .....
664 2802 794 2877 0000000
819 2802 933 2862 Corma
953 2819 1015 2878 pro
1038 2805 1230 2863 000000000οο
1253 2805 1310 2879 000,

184 2925 213 2982 00
224 2965 319 2981 .....
343 2927 459 2983 nectere
483 2940 600 2984 merce.
936 2895 937 2898 Ἴ

184 3137 262 3199 Med.
287 3140 351 3199 405

155 3287 158 3290 ’
272 3298 488 3357 numquam
521 3297 632 3342 meus
665 3281 847 3341 cessabit
878 3283 918 3339 in
951 3295 1103 3354 poenes
1136 3279 1257 3338 furor.

185 3422 309 3483 Cessare
336 3425 371 3483 00
393 3439 512 3498 poenes
539 3439 594 3498 pro
617 3423 761 3482 drcbr'tcre
779 3437 898 3496 porrecte
921 3425 1054 3496 repetere
1066 3422 1176 3480 eadem
1187 3421 1305 3480 dicendi

183 3547 284 3607 forma
306 3550 355 3607 est
365 3549 458 3620 atque
470 3550 548 3607 Aen.
561 3548 613 3607 VI.
629 3550 680 3623 51,
694 3548 744 3606 ubi
767 3563 822 3621 pro
830 3547 974 3606 00000000
984 3549 1055 3606 0000
1067 3547 1169 3621 fecere
1181 3547 1305 3606 dicitur:

510 3710 513 3718 ¹
585 3705 683 3750 cesses
706 3690 741 3750 00
762 3692 833 3749 rote
850 3704 1027 3764 precesque,

318 3813 404 3888 tros,
429 3815 484 3888 000,
509 3814 638 3873 Aenea?

183 4011 261 4071 Med.
287 4011 351 4070 650
1173 4096 1175 4100 v

316 4135 373 4193 ite
407 4148 511 4193 nunc
544 4133 692 4205 fortes3
723 4135 923 4207 perarate
956 4135 1133 4206 pontum.

183 4259 232 4319 Sic
254 4274 348 4318 crare
370 4274 426 4332 pro
448 4272 551 4317 secere
573 4258 709 4332 [0000000
733 4259 811 4316 Aen.
835 4257 875 4315 Π.
902 4256 966 4315 780

248 4383 367 4457 rocca
391 4381 447 4441 0000
469 4381 564 4440 critic
586 4383 616 4439 ct
635 4382 759 4439 castum
781 4380 881 4438 000000
904 4392 1022 4453 000000
1037 4377 1251 4450 000000000ος

1185 4477 1202 4526 5
