3150 5356
771 603 813 663 80

227 800 319 872 poeta
336 799 472 870 tragicus
490 799 666 858 carminum
688 799 936 871 Vergilianorum
958 800 1090 860 lectione
1104 802 1195 861 merit
1206 802 1353 862 imbutus.

233 922 304 980 Non
320 924 429 981 tamen
452 923 487 981 ut
509 923 573 981 iam
596 937 689 995 supra
711 922 784 996 dixi,
809 923 952 982 omnibus
974 923 1058 998 locis,
1082 939 1159 996 quos
1181 925 1239 983 hoc
1250 888 1354 984 libello

230 1046 348 1120 collegi,
372 1047 580 1105 imitationem
603 1049 722 1106 certam
752 1049 785 1106 et
806 1047 1003 1120 exploratam
1024 1050 1109 1123 puto,
1145 1051 1243 1108 immo
1270 1051 1354 1109 haud

226 1186 325 1246 pauca
343 1173 443 1244 capite
456 1173 566 1244 quarto
577 1186 630 1231 me
642 1172 762 1230 dedisse
772 1171 864 1244 probe
876 1172 948 1246 scio,
961 1186 1040 1244 quae
1051 1173 1132 1245 apud
1144 1172 1220 1230 alios
1232 1187 1354 1245 quoque

227 1298 334 1370 poetas
367 1297 570 1355 inveniuntur
603 1298 635 1354 et
664 1311 743 1368 quae
765 1298 896 1369 possunt
918 1311 986 1355 esse
1008 1296 1143 1354 fortuita.
1178 1296 1255 1370 Quia
1278 1312 1353 1355 vero

227 1420 377 1478 eiusmodi
421 1419 561 1479 locorum
605 1421 839 1479 enumeratione
890 1410 978 1479 facile
1031 1419 1203 1478 ostenditur
1256 1435 1353 1493 quam

225 1560 318 1618 prope
352 1546 416 1603 stet
451 1546 543 1618 poeta
576 1561 595 1603 a
628 1545 763 1616 Vergilio
798 1546 891 1618 atque
920 1545 997 1617 aliis,
1022 1545 1189 1615 argenteae
1212 1546 1354 1605 maxime

226 1673 347 1746 aetatis,
382 1672 587 1745 scriptoribus,
623 1671 677 1730 illa
707 1670 889 1730 enumeravi
908 1670 1000 1742 atque
1026 1668 1070 1726 ita
1093 1682 1213 1740 quoque
1236 1668 1352 1742 aliquid

225 1795 336 1856 afferre
363 1798 493 1856 conatus
516 1811 588 1854 sum
611 1796 650 1854 ad
661 1796 692 1854 id
704 1795 785 1867 quod
796 1794 874 1852 mihi
884 1805 1105 1866 proposueram
1116 1792 1151 1849 ut
1162 1791 1353 1864 inquirerem

225 1921 379 1992 quatenus
400 1922 433 1978 et
454 1934 514 1992 quo
536 1920 628 1977 modo
650 1917 879 1990 tragoediarum
890 1917 997 1975 auctor
1008 1915 1142 1989 pendeat
1152 1926 1193 1973 ex
1204 1915 1350 1987 Vergilio.

226 2044 291 2118 Qua
320 2044 516 2115 inquisitione
550 2058 638 2116 spero
671 2043 736 2102 iore
765 2044 801 2100 ut
829 2043 894 2100 iam
923 2041 1015 2114 paulo
1046 2039 1176 2120 lucidius
1205 2043 1353 2114 appareat

225 2168 414 2240 quantopere
436 2169 544 2239 poetae
567 2167 670 2224 Latini
691 2165 863 2236 Vergilium
885 2166 949 2223 sint
970 2163 1084 2222 imitati
1107 2176 1227 2235 quaque
1250 2165 1352 2236 gratia

225 2292 276 2351 ille
299 2292 380 2365 apud
402 2291 560 2350 Romanos
580 2290 727 2349 floruerit.
