3150 5356
807 597 849 662 96

782 797 884 857 XXII·
897 861 898 864 ,

315 960 471 1033 Fontibus,
507 974 547 1017 ex
577 960 686 1032 quibus
713 959 839 1018 Tacitus
870 958 904 1014 in
933 957 1141 1016 Historiarum
1164 957 1249 1017 libris
1269 952 1398 1019 conscri-

272 1084 379 1142 dendis
399 1085 512 1157 hausit,
537 1085 569 1142 et
593 1083 735 1157 Vipstani
753 1083 904 1141 Messalae
927 1083 1041 1154 scripta
1061 1082 1295 1142 adnumeranda
1313 1088 1397 1144 sunt.

779 1261 895 1320 XXIII.

315 1387 398 1445 suet.
423 1386 489 1445 oet.
516 1344 566 1445 r'r.

315 1511 379 1570 Nec
401 1511 501 1571 multo
528 1505 604 1584 post
618 1511 723 1569 navali
745 1511 859 1584 proelio
883 1511 964 1585 apud
987 1512 1114 1570 Actium
1137 1511 1211 1569 vicit
1234 1512 1267 1568 in
1290 1526 1397 1572 serum

270 1637 466 1695 dimicatione
487 1596 653 1712 protracta,
678 1637 768 1695 utin
791 1638 864 1696 navi
888 1638 986 1696 victor
1008 1637 1206 1711 pernoctarit.

315 1761 389 1818 Post
409 1760 482 1818 vicit
498 1761 698 1819 inserendum
721 1762 769 1818 est
793 1761 848 1819 itu.

735 1896 736 1901 Ν
775 1937 889 1997 xxiv.

314 2045 392 2106 run.
416 2046 471 2119 ap.
494 2046 549 2104 ur.
576 2047 604 2105 7.
632 2046 682 2104 13.

239 2237 243 2243 ,
314 2171 397 2230 Nam
428 2171 533 2229 lerunt
565 2170 714 2244 Xerxem,
748 2185 845 2242 quum
878 2172 1070 2229 immensum
1102 2171 1274 2235 exercitum
1298 2171 1395 2229 oculis

270 2295 402 2368 obiisset,
426 2287 648 2370 inlacrimasse,
673 2297 753 2367 quod
777 2298 824 2354 tot
847 2297 996 2355 militibus
1012 2300 1080 2354 tarn
1102 2296 1200 2354 brevis
1212 2297 1394 2354 immineret

178 2436 184 2501 Γ
270 2433 406 2478 OccaSUS.

313 2545 371 2602 Pro
396 2545 493 2604 breuis
516 2546 710 2605 scribendum
735 2549 784 2605 est
808 2545 900 2605 breui.

737 2724 876 2783 =rruu
970 2677 972 2681 ’
1065 2682 1070 2691 ’

314 2811 380 2871 Liv.
405 2812 457 2871 [V.
483 2813 534 2871 53.

314 2937 431 2995 Ductus
452 2937 605 2995 exercitus
627 2937 666 2995 ad
685 2937 914 2996 Carventanam
934 2953 1046 3011 arcem,
1072 2951 1262 3009 quamquam
1273 2936 1393 2994 invisus

270 3061 458 3132 lniestusque
480 3061 599 3120 consuli
622 3065 697 3136 erait,
722 3064 852 3137 impigre
875 3065 973 3137 primo
989 3063 1244 3121 statimadventu
1257 3061 1390 3133 deiectis,

270 3179 376 3249 quiin
398 3180 549 3251 praesidio
572 3183 669 3254 erant,
694 3197 798 3240 arcem
821 3183 936 3255 recipit,
963 3182 1170 3254 [praedatores
1187 3198 1227 3241 ex
1241 3184 1391 3256 praesidio

269 3317 324 3374 pcr
354 3303 584 3375 neglegentiam
596 3305 704 3378 dilapsi
712 3308 906 3365 occasionem
930 3320 1075 3378 aperuere
1098 3306 1136 3363 ad
1159 3306 1389 3378 invadendum]

314 3426 414 3485 Verba
436 3430 557 3486 uncinis
579 3430 698 3488 inclusa
721 3432 857 3489 eiciendo
880 3432 963 3489 sunt.

771 3608 884 3668 XXVI.

313 3767 424 3842 Nepos,
449 3767 557 3827 Thras.
585 3770 613 3827 1.
638 3769 701 3837 (Ed.
727 3769 853 3839 leuba.)

313 3894 422 3965 Itaque
443 3894 509 3951 iure
532 3909 587 3951 suo
607 3893 757 3952 nonnulla
779 3894 816 3950 ab
839 3894 1023 3966 imperatore
1046 3892 1145 3966 miles,
1170 3892 1304 3965 plurima
1315 3906 1389 3950 vero

144 4028 151 4035 ·
268 4017 393 4076 fortuna
423 4018 559 4075 vindicat
585 4033 678 4090 seque
701 4018 749 4076 hie
772 4017 842 4090 plus
865 4016 999 4074 valuisse
1024 4019 1129 4088 [quam
1153 4017 1239 4075 ducis
1260 4017 1388 4089 pruden-

268 4143 356 4211 tiam]
377 4155 450 4199 vere
472 4143 575 4214 potest
596 4142 779 4214 praedicare.
826 4142 924 4215 Quare
947 4141 1022 4199 illud
1045 4157 1071 4200 e.
1096 4157 1125 4215 q.
1150 4157 1175 4200 s.

312 4265 413 4323 Verba
419 4264 539 4323 inclusa
550 4258 614 4323 non
625 4266 700 4323 sunt
710 4265 854 4339 eicienda,
868 4265 922 4323 sed
933 4280 988 4338 pro
995 4266 1043 4325 lais
1049 4267 1244 4326 scribendum
1251 4266 1389 4325 esthoec.

696 4405 964 4415 m
