<?xml version="1.0" encoding="UTF-8"?>
<!DOCTYPE html PUBLIC "-//W3C//DTD XHTML 1.0 Transitional//EN"
    "http://www.w3.org/TR/xhtml1/DTD/xhtml1-transitional.dtd">
<html xmlns="http://www.w3.org/1999/xhtml" xml:lang="en" lang="en">
 <head>
  <title>
</title>
<meta http-equiv="Content-Type" content="text/html;charset=utf-8" />
  <meta name='ocr-system' content='tesseract 3.04.00' />
  <meta name='ocr-capabilities' content='ocr_page ocr_carea ocr_par ocr_line ocrx_word'/>
</head>
<body>
  <div class='ocr_page' id='page_1' title='image "./deauctoretragoe00romegoog_0092.png"; bbox 0 0 3150 5356; ppageno 0'>
   <div class='ocr_carea' id='block_1_1' title="bbox 769 576 809 634">
    <p class='ocr_par' dir='ltr' id='par_1_1' title="bbox 769 576 809 634">
     <span class='ocr_line' id='line_1_1' title="bbox 769 576 809 634; baseline -0.025 0"><span class='ocrx_word' id='word_1_1' title='bbox 769 576 809 634; x_wconf 85' lang='grc'><strong>79</strong></span> 
     </span>
    </p>
   </div>
   <div class='ocr_carea' id='block_1_2' title="bbox 213 768 1385 4205">
    <p class='ocr_par' dir='ltr' id='par_1_2' title="bbox 213 768 1355 3584">
     <span class='ocr_line' id='line_1_2' title="bbox 226 768 1348 848; baseline -0.006 -16"><span class='ocrx_word' id='word_1_2' title='bbox 226 775 334 848; x_wconf 91' lang='lat' dir='ltr'>quibus</span> <span class='ocrx_word' id='word_1_3' title='bbox 353 774 579 832; x_wconf 87' lang='lat' dir='ltr'>conscribendis</span> <span class='ocrx_word' id='word_1_4' title='bbox 602 774 693 846; x_wconf 89' lang='lat' dir='ltr'>poeta</span> <span class='ocrx_word' id='word_1_5' title='bbox 700 772 740 830; x_wconf 93' lang='lat' dir='ltr'>ad</span> <span class='ocrx_word' id='word_1_6' title='bbox 759 772 885 844; x_wconf 83' lang='lat' dir='ltr'>Vergilii</span> <span class='ocrx_word' id='word_1_7' title='bbox 896 772 1077 845; x_wconf 81' lang='lat' dir='ltr'>exemplum</span> <span class='ocrx_word' id='word_1_8' title='bbox 1089 786 1123 829; x_wconf 98' lang='lat' dir='ltr'>se</span> <span class='ocrx_word' id='word_1_9' title='bbox 1134 768 1348 841; x_wconf 87' lang='lat' dir='ltr'>composuerit.</span> 
     </span>
     <span class='ocr_line' id='line_1_3' title="bbox 225 894 1350 972; baseline -0.004 -17"><span class='ocrx_word' id='word_1_10' title='bbox 225 899 291 972; x_wconf 82' lang='lat' dir='ltr'>Qua</span> <span class='ocrx_word' id='word_1_11' title='bbox 313 899 346 955; x_wconf 89' lang='lat' dir='ltr'>in</span> <span class='ocrx_word' id='word_1_12' title='bbox 368 912 402 955; x_wconf 89' lang='lat' dir='ltr'>re</span> <span class='ocrx_word' id='word_1_13' title='bbox 425 899 534 955; x_wconf 87' lang='lat' dir='ltr'>tamen</span> <span class='ocrx_word' id='word_1_14' title='bbox 557 896 739 969; x_wconf 88' lang='lat' dir='ltr'>plerumque</span> <span class='ocrx_word' id='word_1_15' title='bbox 761 896 805 953; x_wconf 91' lang='lat' dir='ltr'>ita</span> <span class='ocrx_word' id='word_1_16' title='bbox 827 897 972 954; x_wconf 85' lang='lat' dir='ltr'>versatus</span> <span class='ocrx_word' id='word_1_17' title='bbox 995 897 1044 954; x_wconf 90' lang='lat' dir='ltr'>est</span> <span class='ocrx_word' id='word_1_18' title='bbox 1067 896 1102 952; x_wconf 90' lang='lat' dir='ltr'>ut</span> <span class='ocrx_word' id='word_1_19' title='bbox 1120 894 1234 967; x_wconf 90' lang='lat' dir='ltr'>aliquid</span> <span class='ocrx_word' id='word_1_20' title='bbox 1246 895 1283 952; x_wconf 89' lang='lat' dir='ltr'>de</span> <span class='ocrx_word' id='word_1_21' title='bbox 1294 907 1350 952; x_wconf 89' lang='lat' dir='ltr'>suo</span> 
     </span>
     <span class='ocr_line' id='line_1_4' title="bbox 225 1019 1351 1095; baseline -0.005 -14"><span class='ocrx_word' id='word_1_22' title='bbox 225 1023 359 1095; x_wconf 77' lang='lat' dir='ltr'>adderet,</span> <span class='ocrx_word' id='word_1_23' title='bbox 385 1037 476 1095; x_wconf 84' lang='lat' dir='ltr'>saepe</span> <span class='ocrx_word' id='word_1_24' title='bbox 500 1022 597 1080; x_wconf 88' lang='lat' dir='ltr'>etiam</span> <span class='ocrx_word' id='word_1_25' title='bbox 618 1022 719 1080; x_wconf 89' lang='lat' dir='ltr'>multo</span> <span class='ocrx_word' id='word_1_26' title='bbox 743 1037 815 1079; x_wconf 91' lang='lat' dir='ltr'>cum</span> <span class='ocrx_word' id='word_1_27' title='bbox 838 1022 1002 1080; x_wconf 90' lang='lat' dir='ltr'>verborum</span> <span class='ocrx_word' id='word_1_28' title='bbox 1021 1022 1143 1078; x_wconf 91' lang='lat' dir='ltr'>tumore</span> <span class='ocrx_word' id='word_1_29' title='bbox 1165 1020 1196 1076; x_wconf 93' lang='lat' dir='ltr'>id</span> <span class='ocrx_word' id='word_1_30' title='bbox 1218 1019 1351 1090; x_wconf 82' lang='lat' dir='ltr'>quodex</span> 
     </span>
     <span class='ocr_line' id='line_1_5' title="bbox 225 1145 1350 1220; baseline -0.004 -14"><span class='ocrx_word' id='word_1_31' title='bbox 225 1148 362 1206; x_wconf 83' lang='lat' dir='ltr'>Aeneide</span> <span class='ocrx_word' id='word_1_32' title='bbox 387 1147 437 1204; x_wconf 90' lang='lat' dir='ltr'>vel</span> <span class='ocrx_word' id='word_1_33' title='bbox 461 1147 618 1218; x_wconf 80' lang='lat' dir='ltr'>Georgicis</span> <span class='ocrx_word' id='word_1_34' title='bbox 640 1147 811 1220; x_wconf 76' lang='lat' dir='ltr'>petivisset,</span> <span class='ocrx_word' id='word_1_35' title='bbox 825 1161 977 1205; x_wconf 85' lang='lat' dir='ltr'>exornare</span> <span class='ocrx_word' id='word_1_36' title='bbox 989 1147 1135 1204; x_wconf 88' lang='lat' dir='ltr'>studeret.</span> <span class='ocrx_word' id='word_1_37' title='bbox 1148 1145 1350 1202; x_wconf 88' lang='lat' dir='ltr'>Lucidissime</span> 
     </span>
     <span class='ocr_line' id='line_1_6' title="bbox 225 1269 1347 1344; baseline -0.004 -14"><span class='ocrx_word' id='word_1_38' title='bbox 225 1273 283 1330; x_wconf 89' lang='lat' dir='ltr'>hoc</span> <span class='ocrx_word' id='word_1_39' title='bbox 305 1273 391 1344; x_wconf 85' lang='lat' dir='ltr'>patet</span> <span class='ocrx_word' id='word_1_40' title='bbox 415 1272 523 1329; x_wconf 79' lang='lat' dir='ltr'>Troad.</span> <span class='ocrx_word' id='word_1_41' title='bbox 549 1273 734 1344; x_wconf 75' lang='lat' dir='ltr'>Aee-460,</span> <span class='ocrx_word' id='word_1_42' title='bbox 763 1271 813 1329; x_wconf 93' lang='lat' dir='ltr'>ubi</span> <span class='ocrx_word' id='word_1_43' title='bbox 835 1271 950 1329; x_wconf 90' lang='lat' dir='ltr'>Hector</span> <span class='ocrx_word' id='word_1_44' title='bbox 961 1271 1089 1344; x_wconf 89' lang='lat' dir='ltr'>apparet</span> <span class='ocrx_word' id='word_1_45' title='bbox 1100 1269 1347 1341; x_wconf 89' lang='lat' dir='ltr'>Andromachae,</span> 
     </span>
     <span class='ocr_line' id='line_1_7' title="bbox 213 1391 1350 1468; baseline -0.004 -15"><span class='ocrx_word' id='word_1_46' title='bbox 213 1395 315 1454; x_wconf 84' lang='lat' dir='ltr'>&#39;Herc</span> <span class='ocrx_word' id='word_1_47' title='bbox 347 1395 404 1452; x_wconf 83' lang='lat' dir='ltr'>fur.</span> <span class='ocrx_word' id='word_1_48' title='bbox 431 1395 494 1452; x_wconf 83' lang='grc'>658</span> <span class='ocrx_word' id='word_1_49' title='bbox 518 1409 595 1468; x_wconf 84' lang='lat' dir='ltr'>sqq,</span> <span class='ocrx_word' id='word_1_50' title='bbox 620 1395 729 1466; x_wconf 87' lang='lat' dir='ltr'>quibus</span> <span class='ocrx_word' id='word_1_51' title='bbox 756 1395 897 1453; x_wconf 91' lang='lat' dir='ltr'>versibus</span> <span class='ocrx_word' id='word_1_52' title='bbox 927 1393 1068 1452; x_wconf 90' lang='lat' dir='ltr'>Herculis</span> <span class='ocrx_word' id='word_1_53' title='bbox 1090 1393 1129 1451; x_wconf 90' lang='lat' dir='ltr'>ad</span> <span class='ocrx_word' id='word_1_54' title='bbox 1158 1392 1272 1450; x_wconf 85' lang='lat' dir='ltr'>inferos</span> <span class='ocrx_word' id='word_1_55' title='bbox 1303 1391 1350 1448; x_wconf 91' lang='lat' dir='ltr'>de-</span> 
     </span>
     <span class='ocr_line' id='line_1_8' title="bbox 225 1519 1349 1593; baseline -0.001 -16"><span class='ocrx_word' id='word_1_56' title='bbox 225 1534 353 1578; x_wconf 87' lang='lat' dir='ltr'>scensus</span> <span class='ocrx_word' id='word_1_57' title='bbox 383 1520 571 1593; x_wconf 82' lang='lat' dir='ltr'>describitur,</span> <span class='ocrx_word' id='word_1_58' title='bbox 596 1522 628 1578; x_wconf 91' lang='lat' dir='ltr'>et</span> <span class='ocrx_word' id='word_1_59' title='bbox 649 1521 752 1591; x_wconf 83' lang='lat' dir='ltr'>regiae</span> <span class='ocrx_word' id='word_1_60' title='bbox 775 1520 987 1593; x_wconf 85' lang='lat' dir='ltr'>descriptione,</span> <span class='ocrx_word' id='word_1_61' title='bbox 1010 1520 1138 1591; x_wconf 79' lang='lat' dir='ltr'>Thyest.</span> <span class='ocrx_word' id='word_1_62' title='bbox 1164 1519 1349 1577; x_wconf 82' lang='lat'><strong>641-664.</strong></span> 
     </span>
     <span class='ocr_line' id='line_1_9' title="bbox 224 1614 1351 1716; baseline -0.004 -14"><span class='ocrx_word' id='word_1_63' title='bbox 224 1644 315 1702; x_wconf 88' lang='lat' dir='ltr'>Haud</span> <span class='ocrx_word' id='word_1_64' title='bbox 338 1643 427 1702; x_wconf 86' lang='lat' dir='ltr'>aliter</span> <span class='ocrx_word' id='word_1_65' title='bbox 449 1659 500 1701; x_wconf 91' lang='lat' dir='ltr'>res</span> <span class='ocrx_word' id='word_1_66' title='bbox 522 1614 591 1702; x_wconf 84' lang='lat' dir='ltr'>sese</span> <span class='ocrx_word' id='word_1_67' title='bbox 614 1645 707 1702; x_wconf 85' lang='lat' dir='ltr'>habet</span> <span class='ocrx_word' id='word_1_68' title='bbox 728 1643 966 1716; x_wconf 88' lang='lat' dir='ltr'>inimaginibus,</span> <span class='ocrx_word' id='word_1_69' title='bbox 981 1657 1057 1715; x_wconf 88' lang='lat' dir='ltr'>quas</span> <span class='ocrx_word' id='word_1_70' title='bbox 1076 1641 1351 1714; x_wconf 85' lang='lat' dir='ltr'>ubirecepitsaepe</span> 
     </span>
     <span class='ocr_line' id='line_1_10' title="bbox 224 1766 1350 1840; baseline -0.002 -16"><span class='ocrx_word' id='word_1_71' title='bbox 224 1766 339 1839; x_wconf 89' lang='lat' dir='ltr'>aliquid</span> <span class='ocrx_word' id='word_1_72' title='bbox 363 1767 468 1824; x_wconf 90' lang='lat' dir='ltr'>omisit</span> <span class='ocrx_word' id='word_1_73' title='bbox 482 1766 533 1824; x_wconf 91' lang='lat' dir='ltr'>vel</span> <span class='ocrx_word' id='word_1_74' title='bbox 545 1767 670 1840; x_wconf 89' lang='lat' dir='ltr'>addidit,</span> <span class='ocrx_word' id='word_1_75' title='bbox 683 1768 728 1825; x_wconf 88' lang='lat' dir='ltr'>ita</span> <span class='ocrx_word' id='word_1_76' title='bbox 744 1768 852 1825; x_wconf 90' lang='lat' dir='ltr'>tamen</span> <span class='ocrx_word' id='word_1_77' title='bbox 865 1769 900 1824; x_wconf 87' lang='lat' dir='ltr'>ut</span> <span class='ocrx_word' id='word_1_78' title='bbox 910 1766 999 1825; x_wconf 84' lang='lat' dir='ltr'>facile</span> <span class='ocrx_word' id='word_1_79' title='bbox 1010 1766 1098 1824; x_wconf 90' lang='lat' dir='ltr'>nobis</span> <span class='ocrx_word' id='word_1_80' title='bbox 1108 1766 1350 1838; x_wconf 88' lang='lat' dir='ltr'>persuadeamus</span> 
     </span>
     <span class='ocr_line' id='line_1_11' title="bbox 224 1890 1350 1965; baseline -0.003 -14"><span class='ocrx_word' id='word_1_81' title='bbox 224 1894 350 1965; x_wconf 89' lang='lat' dir='ltr'>poetam</span> <span class='ocrx_word' id='word_1_82' title='bbox 373 1892 532 1950; x_wconf 85' lang='lat' dir='ltr'>imitatum</span> <span class='ocrx_word' id='word_1_83' title='bbox 554 1891 605 1949; x_wconf 91' lang='lat' dir='ltr'>vel</span> <span class='ocrx_word' id='word_1_84' title='bbox 629 1891 824 1949; x_wconf 90' lang='lat' dir='ltr'>aemulatum</span> <span class='ocrx_word' id='word_1_85' title='bbox 846 1906 915 1950; x_wconf 87' lang='lat' dir='ltr'>esse</span> <span class='ocrx_word' id='word_1_86' title='bbox 938 1890 1119 1965; x_wconf 86' lang='lat' dir='ltr'>Vergilium,</span> <span class='ocrx_word' id='word_1_87' title='bbox 1144 1906 1208 1948; x_wconf 89' lang='lat' dir='ltr'>non</span> <span class='ocrx_word' id='word_1_88' title='bbox 1231 1906 1271 1949; x_wconf 85' lang='lat' dir='ltr'>ex</span> <span class='ocrx_word' id='word_1_89' title='bbox 1294 1905 1350 1948; x_wconf 90' lang='lat' dir='ltr'>suo</span> 
     </span>
     <span class='ocr_line' id='line_1_12' title="bbox 225 2015 1348 2088; baseline -0.001 -13"><span class='ocrx_word' id='word_1_90' title='bbox 225 2018 349 2088; x_wconf 88' lang='lat' dir='ltr'>ingenio</span> <span class='ocrx_word' id='word_1_91' title='bbox 384 2017 534 2085; x_wconf 89' lang='lat' dir='ltr'>hausisse.</span> <span class='ocrx_word' id='word_1_92' title='bbox 581 2016 827 2088; x_wconf 88' lang='lat' dir='ltr'>Nonnumquam</span> <span class='ocrx_word' id='word_1_93' title='bbox 860 2016 995 2074; x_wconf 90' lang='lat' dir='ltr'>eundem</span> <span class='ocrx_word' id='word_1_94' title='bbox 1029 2015 1155 2087; x_wconf 86' lang='lat' dir='ltr'>Vergilii</span> <span class='ocrx_word' id='word_1_95' title='bbox 1176 2015 1280 2073; x_wconf 90' lang='lat' dir='ltr'>locum</span> <span class='ocrx_word' id='word_1_96' title='bbox 1302 2016 1348 2074; x_wconf 87' lang='lat' dir='ltr'>bis</span> 
     </span>
     <span class='ocr_line' id='line_1_13' title="bbox 224 2139 1347 2213; baseline 0 -15"><span class='ocrx_word' id='word_1_97' title='bbox 224 2140 379 2213; x_wconf 82' lang='lat' dir='ltr'>expressit</span> <span class='ocrx_word' id='word_1_98' title='bbox 408 2140 455 2209; x_wconf 82' lang='lat' dir='ltr'>[cf.</span> <span class='ocrx_word' id='word_1_99' title='bbox 480 2140 558 2197; x_wconf 91' lang='lat' dir='ltr'>Aen.</span> <span class='ocrx_word' id='word_1_100' title='bbox 583 2140 622 2197; x_wconf 89' lang='lat' dir='ltr'>H.</span> <span class='ocrx_word' id='word_1_101' title='bbox 649 2141 722 2198; x_wconf 78' lang='lat'><strong>224.</strong></span> <span class='ocrx_word' id='word_1_102' title='bbox 747 2155 823 2212; x_wconf 85' lang='lat' dir='ltr'>sqq,</span> <span class='ocrx_word' id='word_1_103' title='bbox 848 2139 938 2198; x_wconf 88' lang='lat' dir='ltr'>Herc.</span> <span class='ocrx_word' id='word_1_104' title='bbox 963 2139 1028 2198; x_wconf 88' lang='lat' dir='ltr'>Oet.</span> <span class='ocrx_word' id='word_1_105' title='bbox 1057 2140 1119 2198; x_wconf 84' lang='grc'><strong>798</strong></span> <span class='ocrx_word' id='word_1_106' title='bbox 1133 2154 1209 2213; x_wconf 84' lang='lat' dir='ltr'>sqq,</span> <span class='ocrx_word' id='word_1_107' title='bbox 1235 2141 1347 2210; x_wconf 89' lang='lat' dir='ltr'>Agam.</span> 
     </span>
     <span class='ocr_line' id='line_1_14' title="bbox 226 2245 1347 2336; baseline 0.001 -13"><span class='ocrx_word' id='word_1_108' title='bbox 226 2265 288 2323; x_wconf 82' lang='lat'>777</span> <span class='ocrx_word' id='word_1_109' title='bbox 326 2267 403 2336; x_wconf 83' lang='lat' dir='ltr'>sqq]</span> <span class='ocrx_word' id='word_1_110' title='bbox 439 2263 490 2321; x_wconf 90' lang='lat' dir='ltr'>vel</span> <span class='ocrx_word' id='word_1_111' title='bbox 520 2264 598 2321; x_wconf 89' lang='lat' dir='ltr'>duas</span> <span class='ocrx_word' id='word_1_112' title='bbox 620 2264 774 2335; x_wconf 88' lang='lat' dir='ltr'>imagines</span> <span class='ocrx_word' id='word_1_113' title='bbox 797 2265 958 2322; x_wconf 80' lang='lat' dir='ltr'>coniunxit</span> <span class='ocrx_word' id='word_1_114' title='bbox 983 2265 1029 2334; x_wconf 86' lang='lat' dir='ltr'>[cf.</span> <span class='ocrx_word' id='word_1_115' title='bbox 1054 2265 1144 2323; x_wconf 88' lang='lat' dir='ltr'>Herc.</span> <span class='ocrx_word' id='word_1_116' title='bbox 1168 2245 1228 2323; x_wconf 79' lang='lat' dir='ltr'>fur.</span> <span class='ocrx_word' id='word_1_117' title='bbox 1262 2267 1347 2325; x_wconf 81' lang='lat'>1046</span> 
     </span>
     <span class='ocr_line' id='line_1_15' title="bbox 225 2388 1350 2462; baseline 0.002 -17"><span class='ocrx_word' id='word_1_118' title='bbox 225 2403 301 2462; x_wconf 84' lang='lat' dir='ltr'>sqq,</span> <span class='ocrx_word' id='word_1_119' title='bbox 327 2389 395 2446; x_wconf 90' lang='lat' dir='ltr'>Aen</span> <span class='ocrx_word' id='word_1_120' title='bbox 418 2389 457 2445; x_wconf 88' lang='lat' dir='ltr'>ll.</span> <span class='ocrx_word' id='word_1_121' title='bbox 483 2389 546 2446; x_wconf 80' lang='lat'>626</span> <span class='ocrx_word' id='word_1_122' title='bbox 571 2403 648 2461; x_wconf 83' lang='lat' dir='ltr'>sqq,</span> <span class='ocrx_word' id='word_1_123' title='bbox 673 2390 751 2447; x_wconf 91' lang='lat' dir='ltr'>Aen.</span> <span class='ocrx_word' id='word_1_124' title='bbox 775 2388 830 2446; x_wconf 88' lang='lat' dir='ltr'>lX.</span> <span class='ocrx_word' id='word_1_125' title='bbox 857 2390 919 2447; x_wconf 87' lang='grc'><strong>708</strong></span> <span class='ocrx_word' id='word_1_126' title='bbox 933 2392 1010 2461; x_wconf 88' lang='lat' dir='ltr'>sqq]</span> <span class='ocrx_word' id='word_1_127' title='bbox 1035 2389 1120 2462; x_wconf 74' lang='lat' dir='ltr'>Quod</span> <span class='ocrx_word' id='word_1_128' title='bbox 1131 2389 1225 2460; x_wconf 88' lang='lat' dir='ltr'>igitur</span> <span class='ocrx_word' id='word_1_129' title='bbox 1236 2390 1350 2448; x_wconf 90' lang='lat' dir='ltr'>attinet</span> 
     </span>
     <span class='ocr_line' id='line_1_16' title="bbox 225 2510 1349 2587; baseline 0.005 -19"><span class='ocrx_word' id='word_1_130' title='bbox 225 2511 264 2568; x_wconf 88' lang='lat' dir='ltr'>ad</span> <span class='ocrx_word' id='word_1_131' title='bbox 296 2525 356 2583; x_wconf 89' lang='lat' dir='ltr'>res,</span> <span class='ocrx_word' id='word_1_132' title='bbox 391 2511 474 2569; x_wconf 88' lang='lat' dir='ltr'>idem</span> <span class='ocrx_word' id='word_1_133' title='bbox 504 2510 585 2584; x_wconf 86' lang='lat' dir='ltr'>fecit,</span> <span class='ocrx_word' id='word_1_134' title='bbox 611 2512 692 2584; x_wconf 91' lang='lat' dir='ltr'>quod</span> <span class='ocrx_word' id='word_1_135' title='bbox 713 2512 759 2570; x_wconf 93' lang='lat' dir='ltr'>illi</span> <span class='ocrx_word' id='word_1_136' title='bbox 781 2514 899 2587; x_wconf 86' lang='lat' dir='ltr'>poetae,</span> <span class='ocrx_word' id='word_1_137' title='bbox 933 2529 1009 2585; x_wconf 84' lang='lat' dir='ltr'>quos</span> <span class='ocrx_word' id='word_1_138' title='bbox 1032 2514 1204 2586; x_wconf 87' lang='lat' dir='ltr'>Vergilium</span> <span class='ocrx_word' id='word_1_139' title='bbox 1227 2517 1349 2574; x_wconf 88' lang='lat' dir='ltr'>secutos</span> 
     </span>
     <span class='ocr_line' id='line_1_17' title="bbox 225 2635 1349 2712; baseline 0.001 -21"><span class='ocrx_word' id='word_1_140' title='bbox 225 2649 293 2692; x_wconf 90' lang='lat' dir='ltr'>osse</span> <span class='ocrx_word' id='word_1_141' title='bbox 316 2635 400 2692; x_wconf 91' lang='lat' dir='ltr'>certo</span> <span class='ocrx_word' id='word_1_142' title='bbox 434 2637 565 2709; x_wconf 83' lang='lat' dir='ltr'>constat,</span> <span class='ocrx_word' id='word_1_143' title='bbox 601 2636 735 2711; x_wconf 88' lang='lat' dir='ltr'>Ovidius,</span> <span class='ocrx_word' id='word_1_144' title='bbox 764 2638 913 2711; x_wconf 89' lang='lat' dir='ltr'>Valerius,</span> <span class='ocrx_word' id='word_1_145' title='bbox 938 2638 1038 2712; x_wconf 82' lang='lat' dir='ltr'>Silius,</span> <span class='ocrx_word' id='word_1_146' title='bbox 1059 2638 1185 2697; x_wconf 82' lang='lat' dir='ltr'>Statius.</span> <span class='ocrx_word' id='word_1_147' title='bbox 1210 2639 1349 2697; x_wconf 68' lang='lat' dir='ltr'>ln&#39;locu.</span> 
     </span>
     <span class='ocr_line' id='line_1_18' title="bbox 224 2758 1349 2831; baseline 0.006 -16"><span class='ocrx_word' id='word_1_148' title='bbox 224 2758 356 2816; x_wconf 89' lang='lat' dir='ltr'>tionibus</span> <span class='ocrx_word' id='word_1_149' title='bbox 387 2774 460 2818; x_wconf 92' lang='lat' dir='ltr'>vero</span> <span class='ocrx_word' id='word_1_150' title='bbox 490 2760 686 2831; x_wconf 86' lang='lat' dir='ltr'>Vergilianus</span> <span class='ocrx_word' id='word_1_151' title='bbox 709 2763 889 2820; x_wconf 87' lang='lat' dir='ltr'>adhibendis</span> <span class='ocrx_word' id='word_1_152' title='bbox 911 2763 1007 2821; x_wconf 89' lang='lat' dir='ltr'>aliam</span> <span class='ocrx_word' id='word_1_153' title='bbox 1030 2763 1173 2821; x_wconf 89' lang='lat' dir='ltr'>imitandi</span> <span class='ocrx_word' id='word_1_154' title='bbox 1195 2764 1349 2822; x_wconf 86' lang='lat' dir='ltr'>rationem</span> 
     </span>
     <span class='ocr_line' id='line_1_19' title="bbox 224 2886 1349 2961; baseline 0.004 -20"><span class='ocrx_word' id='word_1_155' title='bbox 224 2886 348 2942; x_wconf 90' lang='lat' dir='ltr'>secutus</span> <span class='ocrx_word' id='word_1_156' title='bbox 370 2886 427 2941; x_wconf 87' lang='lat' dir='ltr'>est.</span> <span class='ocrx_word' id='word_1_157' title='bbox 475 2886 572 2943; x_wconf 89' lang='lat' dir='ltr'>Metra</span> <span class='ocrx_word' id='word_1_158' title='bbox 606 2901 669 2943; x_wconf 90' lang='lat' dir='ltr'>non</span> <span class='ocrx_word' id='word_1_159' title='bbox 703 2888 778 2944; x_wconf 90' lang='lat' dir='ltr'>sunt</span> <span class='ocrx_word' id='word_1_160' title='bbox 800 2888 918 2960; x_wconf 89' lang='lat' dir='ltr'>eadem,</span> <span class='ocrx_word' id='word_1_161' title='bbox 943 2888 1070 2958; x_wconf 90' lang='lat' dir='ltr'>ideoque</span> <span class='ocrx_word' id='word_1_162' title='bbox 1093 2887 1175 2945; x_wconf 89' lang='lat' dir='ltr'>haud</span> <span class='ocrx_word' id='word_1_163' title='bbox 1197 2887 1242 2945; x_wconf 92' lang='lat' dir='ltr'>ita</span> <span class='ocrx_word' id='word_1_164' title='bbox 1257 2902 1349 2961; x_wconf 87' lang='lat' dir='ltr'>saepe</span> 
     </span>
     <span class='ocr_line' id='line_1_20' title="bbox 229 2973 1355 3086; baseline 0.005 -22"><span class='ocrx_word' id='word_1_165' title='bbox 229 3023 336 3066; x_wconf 88' lang='lat' dir='ltr'>versus</span> <span class='ocrx_word' id='word_1_166' title='bbox 369 2973 511 3067; x_wconf 88' lang='lat' dir='ltr'>similiter</span> <span class='ocrx_word' id='word_1_167' title='bbox 545 3013 697 3069; x_wconf 81' lang='lat' dir='ltr'>exeuntes</span> <span class='ocrx_word' id='word_1_168' title='bbox 719 3013 800 3084; x_wconf 89' lang='lat' dir='ltr'>apud</span> <span class='ocrx_word' id='word_1_169' title='bbox 823 3013 988 3084; x_wconf 88' lang='lat' dir='ltr'>utrumque</span> <span class='ocrx_word' id='word_1_170' title='bbox 1011 3013 1221 3086; x_wconf 88' lang='lat' dir='ltr'>inveniuntur,</span> <span class='ocrx_word' id='word_1_171' title='bbox 1249 3027 1355 3085; x_wconf 89' lang='lat' dir='ltr'>neque·</span> 
     </span>
     <span class='ocr_line' id='line_1_21' title="bbox 226 3132 1349 3198; baseline 0.009 -10"><span class='ocrx_word' id='word_1_172' title='bbox 226 3132 335 3189; x_wconf 90' lang='lat' dir='ltr'>eadem</span> <span class='ocrx_word' id='word_1_173' title='bbox 381 3133 475 3191; x_wconf 88' lang='lat' dir='ltr'>verba</span> <span class='ocrx_word' id='word_1_174' title='bbox 519 3134 629 3193; x_wconf 88' lang='lat' dir='ltr'>eadem</span> <span class='ocrx_word' id='word_1_175' title='bbox 677 3137 797 3194; x_wconf 90' lang='lat' dir='ltr'>ratione</span> <span class='ocrx_word' id='word_1_176' title='bbox 836 3137 1008 3195; x_wconf 88' lang='lat' dir='ltr'>coniuncta.</span> <span class='ocrx_word' id='word_1_177' title='bbox 1060 3139 1109 3197; x_wconf 80' lang='lat' dir='ltr'>Sic</span> <span class='ocrx_word' id='word_1_178' title='bbox 1142 3154 1206 3196; x_wconf 90' lang='lat' dir='ltr'>non</span> <span class='ocrx_word' id='word_1_179' title='bbox 1239 3154 1349 3198; x_wconf 87' lang='lat' dir='ltr'>versus</span> 
     </span>
     <span class='ocr_line' id='line_1_22' title="bbox 225 3255 1348 3337; baseline 0.007 -24"><span class='ocrx_word' id='word_1_180' title='bbox 225 3255 363 3327; x_wconf 87' lang='lat' dir='ltr'>integros</span> <span class='ocrx_word' id='word_1_181' title='bbox 415 3272 455 3315; x_wconf 82' lang='lat' dir='ltr'>ex</span> <span class='ocrx_word' id='word_1_182' title='bbox 506 3258 643 3316; x_wconf 83' lang='lat' dir='ltr'>Aeneide</span> <span class='ocrx_word' id='word_1_183' title='bbox 694 3261 805 3332; x_wconf 86' lang='lat' dir='ltr'>petivit</span> <span class='ocrx_word' id='word_1_184' title='bbox 851 3261 932 3332; x_wconf 91' lang='lat' dir='ltr'>quod</span> <span class='ocrx_word' id='word_1_185' title='bbox 987 3261 1060 3320; x_wconf 85' lang='lat' dir='ltr'>fecit</span> <span class='ocrx_word' id='word_1_186' title='bbox 1115 3262 1249 3337; x_wconf 87' lang='lat' dir='ltr'>Ovidius,</span> <span class='ocrx_word' id='word_1_187' title='bbox 1298 3264 1348 3321; x_wconf 89' lang='lat' dir='ltr'>ubi</span> 
     </span>
     <span class='ocr_line' id='line_1_23' title="bbox 225 3366 1110 3456; baseline 0.006 -19"><span class='ocrx_word' id='word_1_188' title='bbox 225 3382 389 3439; x_wconf 88' lang='lat' dir='ltr'>enumerat</span> <span class='ocrx_word' id='word_1_189' title='bbox 411 3381 554 3440; x_wconf 88' lang='lat' dir='ltr'>homines</span> <span class='ocrx_word' id='word_1_190' title='bbox 576 3382 763 3456; x_wconf 80' lang='lat' dir='ltr'>interiectos,</span> <span class='ocrx_word' id='word_1_191' title='bbox 787 3366 912 3441; x_wconf 82' lang='lat' dir='ltr'>Metam.</span> <span class='ocrx_word' id='word_1_192' title='bbox 936 3383 1021 3442; x_wconf 88' lang='lat' dir='ltr'>Xlll.</span> <span class='ocrx_word' id='word_1_193' title='bbox 1048 3385 1110 3442; x_wconf 81' lang='grc'>258</span> 
     </span>
     <span class='ocr_line' id='line_1_24' title="bbox 267 3504 1241 3584; baseline 0.007 -22"><span class='ocrx_word' id='word_1_194' title='bbox 267 3504 524 3579; x_wconf 79' lang='lat' dir='ltr'>Alcandrumque</span> <span class='ocrx_word' id='word_1_195' title='bbox 554 3506 749 3581; x_wconf 77' lang='lat' dir='ltr'>Haliumque</span> <span class='ocrx_word' id='word_1_196' title='bbox 772 3507 993 3583; x_wconf 78' lang='lat' dir='ltr'>Noemonaque</span> <span class='ocrx_word' id='word_1_197' title='bbox 1004 3510 1241 3584; x_wconf 78' lang='lat' dir='ltr'>Prptuuu&#39;uque,</span> 
     </span>
    </p>

    <p class='ocr_par' dir='ltr' id='par_1_3' title="bbox 223 3628 1385 4205">
     <span class='ocr_line' id='line_1_25' title="bbox 223 3628 1348 3706; baseline 0.006 -20"><span class='ocrx_word' id='word_1_198' title='bbox 223 3644 316 3700; x_wconf 88' lang='lat' dir='ltr'>quem</span> <span class='ocrx_word' id='word_1_199' title='bbox 333 3646 459 3689; x_wconf 88' lang='lat' dir='ltr'>versum</span> <span class='ocrx_word' id='word_1_200' title='bbox 475 3632 569 3690; x_wconf 86' lang='lat' dir='ltr'>habet</span> <span class='ocrx_word' id='word_1_201' title='bbox 584 3632 747 3706; x_wconf 88' lang='lat' dir='ltr'>Vergilius,</span> <span class='ocrx_word' id='word_1_202' title='bbox 766 3635 844 3692; x_wconf 88' lang='lat' dir='ltr'>Aen.</span> <span class='ocrx_word' id='word_1_203' title='bbox 862 3633 916 3692; x_wconf 84' lang='lat' dir='ltr'>IX.</span> <span class='ocrx_word' id='word_1_204' title='bbox 936 3634 997 3692; x_wconf 89' lang='grc'>767</span> <span class='ocrx_word' id='word_1_205' title='bbox 1013 3628 1044 3703; x_wconf 77' lang='lat'>¹).</span> <span class='ocrx_word' id='word_1_206' title='bbox 1068 3634 1187 3706; x_wconf 85' lang='lat' dir='ltr'>Ubique</span> <span class='ocrx_word' id='word_1_207' title='bbox 1209 3635 1348 3693; x_wconf 89' lang='lat' dir='ltr'>locorum</span> 
     </span>
     <span class='ocr_line' id='line_1_26' title="bbox 223 3757 1349 3833; baseline 0.004 -20"><span class='ocrx_word' id='word_1_208' title='bbox 223 3758 329 3814; x_wconf 87' lang='lat' dir='ltr'>autem</span> <span class='ocrx_word' id='word_1_209' title='bbox 347 3757 380 3814; x_wconf 91' lang='lat' dir='ltr'>in</span> <span class='ocrx_word' id='word_1_210' title='bbox 402 3759 568 3828; x_wconf 90' lang='lat' dir='ltr'>tragoediis</span> <span class='ocrx_word' id='word_1_211' title='bbox 603 3760 862 3832; x_wconf 88' lang='lat' dir='ltr'>deprehendimus</span> <span class='ocrx_word' id='word_1_212' title='bbox 881 3775 940 3833; x_wconf 86' lang='lat' dir='ltr'>res,</span> <span class='ocrx_word' id='word_1_213' title='bbox 975 3760 1008 3818; x_wconf 91' lang='lat' dir='ltr'>in</span> <span class='ocrx_word' id='word_1_214' title='bbox 1042 3760 1150 3832; x_wconf 91' lang='lat' dir='ltr'>quibus</span> <span class='ocrx_word' id='word_1_215' title='bbox 1168 3761 1349 3818; x_wconf 89' lang='lat' dir='ltr'>enarrandis</span> 
     </span>
     <span class='ocr_line' id='line_1_27' title="bbox 223 3879 1385 3956; baseline 0.005 -22"><span class='ocrx_word' id='word_1_216' title='bbox 223 3879 351 3949; x_wconf 87' lang='lat' dir='ltr'>uterque</span> <span class='ocrx_word' id='word_1_217' title='bbox 374 3882 465 3951; x_wconf 86' lang='lat' dir='ltr'>poeta</span> <span class='ocrx_word' id='word_1_218' title='bbox 487 3882 584 3939; x_wconf 89' lang='lat' dir='ltr'>utitur</span> <span class='ocrx_word' id='word_1_219' title='bbox 602 3882 712 3940; x_wconf 90' lang='lat' dir='ltr'>iisdem</span> <span class='ocrx_word' id='word_1_220' title='bbox 732 3883 842 3956; x_wconf 87' lang='lat' dir='ltr'>verbis,</span> <span class='ocrx_word' id='word_1_221' title='bbox 867 3883 1013 3956; x_wconf 87' lang='lat' dir='ltr'>epitheta,</span> <span class='ocrx_word' id='word_1_222' title='bbox 1038 3897 1115 3955; x_wconf 90' lang='lat' dir='ltr'>quae</span> <span class='ocrx_word' id='word_1_223' title='bbox 1124 3883 1183 3941; x_wconf 87' lang='lat' dir='ltr'>nisi</span> <span class='ocrx_word' id='word_1_224' title='bbox 1195 3883 1348 3954; x_wconf 88' lang='lat' dir='ltr'>Vergilius</span> <span class='ocrx_word' id='word_1_225' title='bbox 1383 3881 1385 3885; x_wconf 81' lang='grc'>’</span> 
     </span>
     <span class='ocr_line' id='line_1_28' title="bbox 224 4003 1347 4080; baseline 0.006 -22"><span class='ocrx_word' id='word_1_226' title='bbox 224 4016 317 4059; x_wconf 90' lang='lat' dir='ltr'>nemo</span> <span class='ocrx_word' id='word_1_227' title='bbox 340 4003 614 4076; x_wconf 87' lang='lat' dir='ltr'>habet,locutiones</span> <span class='ocrx_word' id='word_1_228' title='bbox 648 4020 688 4063; x_wconf 82' lang='lat' dir='ltr'>ex</span> <span class='ocrx_word' id='word_1_229' title='bbox 719 4006 864 4079; x_wconf 84' lang='lat' dir='ltr'>Aeneide,</span> <span class='ocrx_word' id='word_1_230' title='bbox 894 4006 1057 4080; x_wconf 81' lang='lat' dir='ltr'>Georgicis,</span> <span class='ocrx_word' id='word_1_231' title='bbox 1083 4007 1233 4066; x_wconf 86' lang='lat' dir='ltr'>Bucolicis</span> <span class='ocrx_word' id='word_1_232' title='bbox 1255 4008 1347 4065; x_wconf 90' lang='lat' dir='ltr'>notis-</span> 
     </span>
     <span class='ocr_line' id='line_1_29' title="bbox 224 4123 1347 4205; baseline 0.01 -25"><span class='ocrx_word' id='word_1_233' title='bbox 224 4123 328 4181; x_wconf 88' lang='lat' dir='ltr'>simas.</span> <span class='ocrx_word' id='word_1_234' title='bbox 361 4125 444 4198; x_wconf 74' lang='lat' dir='ltr'>Quae</span> <span class='ocrx_word' id='word_1_235' title='bbox 478 4129 592 4202; x_wconf 90' lang='lat' dir='ltr'>omnia,</span> <span class='ocrx_word' id='word_1_236' title='bbox 628 4129 742 4203; x_wconf 90' lang='lat' dir='ltr'>opinor,</span> <span class='ocrx_word' id='word_1_237' title='bbox 767 4130 932 4189; x_wconf 82' lang='lat' dir='ltr'>manifesto</span> <span class='ocrx_word' id='word_1_238' title='bbox 962 4132 1132 4190; x_wconf 87' lang='lat' dir='ltr'>ostendunt</span> <span class='ocrx_word' id='word_1_239' title='bbox 1159 4134 1347 4205; x_wconf 86' lang='lat' dir='ltr'>quantopere</span> 
     </span>
    </p>
   </div>
   <div class='ocr_carea' id='block_1_3' title="bbox 263 4314 620 4382">
    <p class='ocr_par' dir='ltr' id='par_1_4' title="bbox 263 4314 620 4382">
     <span class='ocr_line' id='line_1_30' title="bbox 263 4314 620 4382; baseline 0.014 -16"><span class='ocrx_word' id='word_1_240' title='bbox 263 4314 284 4382; x_wconf 79' lang='lat'>¹)</span> <span class='ocrx_word' id='word_1_241' title='bbox 304 4317 343 4368; x_wconf 87' lang='lat' dir='ltr'>Cl&#39;.</span> <span class='ocrx_word' id='word_1_242' title='bbox 363 4318 438 4368; x_wconf 90' lang='lat' dir='ltr'>Hom.</span> <span class='ocrx_word' id='word_1_243' title='bbox 458 4319 488 4370; x_wconf 89' lang='lat'>11.</span> <span class='ocrx_word' id='word_1_244' title='bbox 509 4319 539 4369; x_wconf 89' lang='lat' dir='ltr'>V.</span> <span class='ocrx_word' id='word_1_245' title='bbox 559 4318 620 4371; x_wconf 88' lang='grc'><strong>678.</strong></span> 
     </span>
    </p>
   </div>
   <div class='ocr_carea' id='block_1_4' title="bbox 0 0 1580 5356">
    <p class='ocr_par' dir='ltr' id='par_1_5' title="bbox 0 0 1580 5356">
     <span class='ocr_line' id='line_1_31' title="bbox 0 0 1580 5356; baseline 0 0"><span class='ocrx_word' id='word_1_246' title='bbox 0 0 1580 5356; x_wconf 95' lang='lat' dir='ltr'> </span> 
     </span>
    </p>
   </div>
  </div>
 </body>
</html>
