3150 5356
309 2077 398 2135 Locis
421 2076 578 2148 expositis,
603 2076 712 2148 quibus
734 2077 825 2148 poeta
846 2075 982 2146 tragicus
1002 2075 1040 2132 ad
1060 2073 1186 2144 Vergilii
1206 2074 1387 2147 exemplum

266 2216 300 2260 se
334 2201 543 2274 composuisse
577 2216 709 2272 eumque
739 2200 929 2273 expressisse
957 2201 1086 2271 videtur,
1118 2199 1317 2272 pervenimus
1348 2200 1387 2258 ad

267 2322 498 2395 inquisitionem
520 2324 552 2381 in
576 2325 822 2397 comparationes
844 2325 876 2382 et
898 2323 1060 2396 imagines,
1084 2338 1163 2395 quae
1185 2322 1217 2380 in
1229 2323 1387 2395 utriusque

265 2449 453 2506 carminibus
486 2449 686 2506 inveniuntur
717 2464 853 2520 quaeque
883 2448 1066 2507 imitationis
1094 2448 1206 2507 indicia
1229 2449 1385 2508 exhibant.

310 2575 356 2632 Ac
394 2575 530 2647 primum
564 2575 688 2646 quidem
721 2574 863 2632 videmus
896 2573 977 2646 apud
1011 2572 1187 2643 Vergilium,
1216 2573 1387 2643 imaginem

266 2697 427 2756 naviculae
450 2698 580 2757 adverso
602 2698 731 2757 flumine
753 2697 915 2771 propulsae
938 2713 974 2756 ac
993 2713 1068 2755 mox
1080 2698 1171 2756 undis
1184 2699 1385 2757 vehementer

265 2821 413 2880 reiectae:

265 2964 366 3035 Georg
388 2964 412 3021 Ι.
437 2979 503 3036 sqq.

938 3104 981 3162 ac'c
1004 3105 1111 3164 omniu
1132 3105 1209 3178 fotis

398 3231 432 3289 iu
450 3231 541 3305 peius
564 3246 654 3289 ruere
676 3246 713 3288 cc
735 3232 816 3288 retro
839 3229 991 3302 suompsc
1013 3229 1136 3305 referri,

398 3372 460 3414 uon
483 3331 580 3413 aliter
598 3370 695 3428 quum
718 3354 774 3427 qui
796 3354 924 3412 advorso
947 3354 999 3412 circ
1020 3355 1149 3428 flumine
1173 3356 1308 3415 lembum

398 3481 536 3554 remipiis
559 3479 684 3553 subigit,
709 3479 737 3538 oi
761 3478 889 3537 bruchio
912 3477 991 3551 forte
1013 3479 1140 3553 remisit,
1224 3565 1226 3568 Α

398 3607 491 3678 utque
513 3604 604 3662 illrum
622 3613 772 3677 praeceps
790 3618 893 3675 prono
916 3603 1004 3676 rapit
1025 3603 1128 3662 alueus
1151 3619 1252 3662 omne.

265 3783 382 3842 Eadem
404 3783 467 3841 sere
490 3781 626 3852 imagine
650 3795 724 3838 usus
747 3781 796 3838 est
814 3780 905 3852 poeta
923 3780 1059 3869 tragicus
1077 3781 1206 3840 Phaedr.
1230 3745 1288 3840 Ι181
1308 3798 1385 3856 sqq.‚

266 3907 316 3966 ubi
339 3908 479 3966 Phaedra
501 3908 536 3965 ut
558 3905 673 3964 amoris
698 3905 760 3962 vim
784 3904 919 3964 illustret
942 3905 1030 3963 dicit:

353 4083 412 4141 sic
435 4098 553 4154 quum
575 4083 791 4153 gravatam
814 4081 958 4139 navita
981 4082 1156 4140 adversa
1178 4083 1309 4140 ratem

353 4206 553 4280 propellit
576 4206 689 4278 unda,
714 4205 823 4264 cedit
845 4206 884 4264 in
907 4221 1053 4264 vanum
1077 4206 1190 4265 labor

354 4333 393 4390 et
415 4331 528 4389 victa
550 4344 675 4403 prono
697 4329 842 4402 puppis
865 4329 1052 4388 aufertur
1074 4330 1185 4388 vado.
