3150 5356
852 609 893 666 20

355 804 459 861 hunc
481 806 620 861 serunt
641 818 795 861 amnem
821 804 934 863 cultu
957 807 996 863 et
1023 808 1192 879 aspectu
1223 807 1430 880 horridus,

354 925 607 997 pavidasque
629 917 769 984 manes
791 927 1011 999 squalidus
1035 930 1175 987 vectat
1198 945 1333 987 senex.

354 1053 520 1124 impexa
542 1051 692 1124 pendet
714 1052 844 1125 barba,
869 1052 1071 1111 deformen
1094 1054 1228 1111 sinum

353 1176 482 1234 noclne
506 1178 678 1249 coercet,
703 1190 909 1234 concavae
932 1178 1129 1250 squalent
1150 1193 1294 1249 genae3

354 1301 462 1371 regit
483 1301 570 1373 ipse
593 1301 714 1373 longo
737 1302 917 1374 portitor
940 1306 1054 1361 conto
1078 1306 1216 1362 rotern.

310 1443 388 1499 Aen.
413 1442 465 1499 VI.
491 1443 553 1501 298
578 1458 643 1515 sqq.

394 1584 531 1655 portitor
554 1584 611 1642 bus
634 1585 865 1642 borrenelns
889 1601 990 1658 uqtios
1014 1589 1042 1643 et
1062 1587 1197 1660 sinnino
1219 1592 1358 1646 seruat

402 1706 592 1764 terribili
613 1708 809 1792 squalore
836 1694 968 1781 Olenon,
993 1709 1043 1766 cni
1059 1710 1205 1782 pluriinu
1227 1714 1328 1769 ntento

397 1831 524 1890 canities
546 1832 664 1891 incultu
686 1833 772 1906 iacet,
796 1836 882 1892 stunt
904 1834 1025 1892 lnntinu
1046 1835 1187 1910 nornine,

396 1956 541 2014 sordibus
564 1972 601 2014 en
623 1958 761 2015 tinnierit
783 1958 884 2016 nocto
908 1958 1056 2031 dependet
1077 1960 1217 2018 ontictne.

396 2079 469 2152 lpse
491 2083 621 2138 rotern
643 2084 757 2139 conto
780 2081 898 2154 subipit
918 2082 1051 2155 oelnqne
1073 2083 1242 2156 ministret,
1350 2110 1353 2115 >

397 2206 426 2261 et
446 2201 628 2277 ferrnpineu
649 2205 806 2262 subuectat
827 2220 958 2278 corporo
981 2206 1092 2280 cpinbo

398 2327 465 2385 iarn
487 2328 597 2402 senior,
622 2329 675 2386 sed
698 2330 825 2387 cunio
847 2330 901 2388 eleo
924 2331 1094 2404 uiridisque
1116 2335 1309 2391 senectus.

311 2452 416 2512 Ornia
450 2457 584 2513 senatus
618 2455 714 2533 etiam
748 2455 819 2514 Oed.
857 2456 916 2514 167
946 2471 1011 2527 sqq.
1036 2455 1182 2514 Charonti
1205 2457 1356 2531 tribuitur,
1380 2458 1430 2515 ubi

307 2576 410 2634 locum
433 2576 559 2648 Vergilii
581 2540 690 2650 poetae
712 2578 829 2648 tragico
853 2579 1051 2636 obversatum
1074 2594 1142 2636 esse
1165 2581 1267 2651 patet:

439 2702 586 2774 quique
609 2701 749 2774 capaci
772 2702 935 2760 turbida
957 2704 1098 2774 cymba

440 2825 622 2899 flnrnino
644 2829 782 2883 seruat
804 2826 927 2884 durus
949 2827 1061 2884 senio

439 2951 585 3008 navita
607 2950 741 3008 cundo.

306 3076 422 3134 Versus
446 3076 519 3149 772,
544 3076 596 3147 qui
618 3076 771 3148 sequitur:

350 3215 423 3271 qno
458 3200 595 3273 pergis
629 3201 777 3259 audax:
802 3201 906 3259 siste
933 3204 1223 3275 properantem
1246 3202 1424 3275 gradum,

305 3340 368 3382 non
391 3325 528 3383 multum
550 3324 651 3383 differt
673 3325 711 3383 ab
735 3327 812 3394 Aen.
837 3326 889 3383 VI.
915 3327 977 3384 388
1002 3341 1058 3399 sq„
1083 3326 1133 3384 nbi
1156 3325 1266 3383 eadem
1289 3329 1337 3383 est
1360 3341 1425 3383 sen·
1496 3347 1499 3352 ’

305 3451 404 3508 tentia
425 3451 457 3508 in
481 3449 645 3522 Charontis
667 3449 911 3508 exclamatione:

395 3574 537 3647 queunte
560 3589 590 3631 es
613 3576 766 3646 ornatus,
791 3573 847 3645 qni
868 3575 976 3630 nostru
999 3572 1042 3630 aul
1063 3572 1198 3645 filincino
1222 3571 1328 3643 tenetis,

393 3698 472 3773 fure,
504 3714 570 3771 ope,
600 3697 677 3770 qniol
706 3697 828 3754 uenias:
851 3696 917 3754 ione
940 3695 1030 3753 istinc
1052 3697 1081 3752 et
1102 3694 1268 3767 comprime
1289 3708 1423 3765 presens.
1461 3704 1473 3723 ⁴·

305 3823 435 3882 Coactus
458 3824 565 3880 tamen
588 3821 709 3880 Charon
732 3822 764 3877 et
786 3819 951 3877 Herculem
974 3820 1005 3876 et
1029 3820 1169 3876 Aeneam
1185 3816 1315 3889 stygem
1327 3819 1424 3874 trans·
1539 3852 1542 3859 -

306 3949 399 4021 vehit,
424 3963 485 4019 qua
507 3962 540 4004 re
563 3946 716 4018 descripta
738 3946 829 4017 poeta
851 3943 987 4014 tragicus
1010 3942 1083 4000 dicit
1106 3957 1152 3998 vs.
1178 3942 1240 3999 lbb

715 4087 856 4159 cymba
890 4085 1129 4159 populorum
1163 4099 1314 4157 capax?

438 4211 653 4270 succubuit
685 4211 767 4284 uni,

232 4321 257 4329 Η
304 4351 383 4424 qnod
406 4351 502 4409 etiam
525 4351 605 4423 apud
627 4350 799 4421 Vergilium
820 4351 977 4410 invenitur
998 4351 1031 4409 ll.
1055 4367 1102 4409 vs.
1128 4352 1192 4409 413
