3150 5356
766 589 806 645 33

269 783 383 842 Portus
424 783 633 855 metaphorice
668 783 704 840 de
743 784 843 840 morte
877 783 996 840 homini
1029 783 1166 855 requiem
1200 783 1348 841 afferente

224 909 390 980 usurpatus
411 908 524 978 legitur
546 909 624 966 Aen.
646 908 713 966 VH.
740 909 813 982 598,
838 909 888 966 ubi
911 924 1008 967 senex
1031 925 1087 967 rex
1110 909 1240 967 Latinus
1256 908 1342 965 dicit:

311 1046 389 1089 nuru
411 1032 490 1090 miti
507 1035 607 1104 parta
631 1033 726 1106 urtica,
752 1033 912 1105 crucisque
935 1033 968 1091 r'n
993 1032 1097 1090 iturine
1116 1026 1288 1105 portus(

225 1155 290 1229 Qua
323 1156 459 1227 imagine
493 1157 590 1214 utitur
612 1157 730 1215 Ennius
754 1150 775 1226 ¹)
809 1157 841 1214 et
863 1156 933 1229 post
955 1155 1126 1226 Vergilium
1171 1155 1289 1212 Statius
1309 1154 1343 1222 2).

224 1279 302 1339 Ourn
324 1280 373 1337 his
395 1280 598 1339 conserendus
620 1283 669 1339 est
690 1281 832 1339 Herculis
853 1281 983 1340 furentis
1000 1281 1086 1339 locus
1104 1274 1136 1352 ³),
1161 1280 1211 1338 ubi
1234 1280 1345 1338 chorus

223 1402 385 1476 Somnum,
409 1403 520 1461 mortis
541 1404 679 1478 fratrem,
704 1405 864 1477 alloquens
887 1405 972 1463 dicit:

311 1544 432 1602 Pater
462 1560 480 1602 0
510 1561 653 1619 rerum,
681 1550 831 1619 portus
861 1549 977 1621 citae,

311 1668 417 1727 lucis
447 1670 610 1742 requies
640 1671 856 1742 noctisque
887 1649 1046 1728 comes¹

312 1808 338 1852 e.
363 1809 392 1866 q.
417 1809 441 1852 s.
533 1813 543 1833 ν

225 2040 315 2099 Herc.
340 2042 406 2101 Oct.
433 2044 496 2100 315
521 2058 566 2115 sq.
592 2043 701 2100 dicitur
724 2044 762 2100 de
784 2043 868 2100 famu
890 2041 1044 2100 Herculis:

684 2184 797 2243 caelu
827 2186 948 2242 tenus

316 2312 455 2369 erecta
477 2312 611 2369 terras
634 2310 740 2367 fama
762 2308 999 2381 suppositas
1022 2307 1152 2397 habet.

224 2434 342 2494 Eadem
376 2435 513 2506 imagine
547 2435 644 2492 utitur
677 2433 831 2503 Vergilius
865 2434 942 2490 Aen.
977 2432 1001 2488 i.
1038 2432 1112 2504 379,
1143 2431 1194 2489 ubi
1224 2432 1347 2489 Aeneas

224 2559 261 2618 de
284 2575 317 2618 se
340 2559 428 2618 dicit:

357 2717 427 2760 scm
446 2702 522 2775 pins
544 2702 665 2760 Aeneas
696 2735 1123 2742 -------

535 2826 648 2900 fcmc
670 2843 795 2901 super
817 2828 986 2886 aethera
1007 2831 1127 2885 nctus
1251 2905 1257 2912 N

224 2953 256 3009 et
278 2951 341 3009 Ecl.
365 2952 466 3024 1.,58,
492 2953 542 3010 ubi
565 2953 602 3010 de
624 2953 801 3025 Daphnide:

356 3093 414 3152 sub
433 3093 649 3167 pedibusque)
671 3094 753 3152 uidet
773 3093 869 3152 nubes
892 3096 921 3150 ct
941 3092 1046 3150 sidera
1068 3091 1221 3164 Daphnis.

223 3324 328 3399 Turris
351 3340 482 3398 altitudo
505 3341 683 3398 describitur
706 3342 818 3409 Agurn.
844 3340 903 3396 92:

312 3463 486 3521 nubibus
508 3463 611 3535 ipsis
633 3463 794 3519 inserta
817 3462 938 3532 caput

311 3588 451 3661 turris,
844 3555 850 3562 ’

225 3726 285 3783 qua
316 3712 383 3784 ipsa
413 3711 684 3769 circumlocutione
713 3696 810 3769 utitur
833 3706 986 3778 Vergilius
1017 3706 1095 3764 Aen.
1119 3706 1171 3763 IV.
1199 3707 1270 3779 177,
1296 3707 1345 3764 ubi

223 3836 419 3896 celeberrimo
442 3838 479 3895 de
502 3837 587 3894 sama
608 3836 676 3893 locu
699 3835 787 3892 dicit:

261 4151 281 4228 J)
320 4155 367 4217 Ap.
387 4154 440 4203 cn.
460 4151 537 4201 ruso.
559 4152 578 4200 1.
598 4149 641 4198 rr.
661 4148 721 4198 rur.

259 4240 282 4307 ²>
320 4241 565 4294 amissuris.
587 4239 647 4288 nc.

127 4389 141 4405 ,
259 4328 281 4396 ²)
320 4332 396 4381 Herc.
419 4332 471 4380 fur.
488 4328 565 4378 4072.
