3150 5356
738 562 842 630 95-

709 767 808 826 XVII.

168 956 170 961 ,
242 910 313 968 Tac.
338 911 421 968 Anu.
445 909 528 968 XIV.
555 911 572 969 7

241 1035 300 1091 nisi
322 1035 394 1105 quid
417 1036 533 1093 Burrus
552 1035 584 1092 et
609 1034 727 1093 Seneca
737 1026 932 1107 expedirent3
947 1048 1023 1105 ques
1034 1035 1144 1092 statim
1155 1035 1319 1108 acciverat,

196 1158 350 1215 incertum
373 1174 416 1216 un
440 1160 468 1216 ct
490 1161 561 1216 uate
582 1158 721 1231 inaures.

241 1282 319 1340 Cum
337 1282 479 1340 Ernestio
501 1283 698 1340 scribendum
721 1257 769 1339 est
793 1297 836 1339 uu
859 1283 930 1338 unte
952 1281 1093 1353 mauron.

701 1458 816 1517 XVIII.

240 1603 314 1662 ibid.
339 1619 365 1662 c.
391 1604 442 1662 36.

241 1730 272 1785 Is
295 1729 385 1786 ardor
407 1729 501 1787 verba
525 1729 610 1788 ducis
632 1729 825 1802 sequebatur,
848 1729 893 1786 ita
915 1743 949 1787 se
973 1728 1012 1787 ad
1032 1727 1236 1800 intorquenda
1260 1720 1322 1800 pila

197 1851 374 1922 expedierat
394 1853 483 1909 vetus
505 1852 596 1910 miles
616 1855 644 1910 et
659 1851 761 1910 multa
774 1851 960 1924 proeliorum
971 1851 1162 1924 experientia
1173 1853 1210 1908 ut
1220 1852 1322 1909 certus

197 1975 329 2032 eventus
351 1975 515 2034 Suetonius
539 1975 627 2033 daret
649 1989 771 2048 pugnae
794 1975 929 2045 signum.

241 2098 389 2168 Legatur:
535 2099 579 2156 ita
598 2114 631 2156 se
654 2098 693 2156 ad
715 2097 919 2168 intorquenda
945 2097 1008 2169 pila
1030 2097 1207 2170 expedierat
1232 2098 1323 2154 vetus

197 2220 288 2278 miles
311 2224 347 2278 ut
379 2222 480 2280 multa
513 2222 699 2295 proeliorum
733 2221 924 2293 experientia
958 2222 1061 2279 certus
1094 2223 1226 2280 eventus
1249 2222 1319 2280 Sue·

197 2345 301 2402 tonius
324 2346 412 2403 daret
435 2361 557 2418 pugnae
580 2346 716 2416 signum.

715 2521 801 2580 XIX.

241 2663 313 2722 Tac.
337 2663 418 2722 Hist.
441 2664 466 2722 Ι.
493 2665 543 2723 76.

240 2789 402 2862 Nusquam
435 2788 512 2847 fides
543 2792 598 2847 aut
620 2804 724 2847 amor:
765 2792 850 2847 metu
886 2803 922 2848 ac
953 2790 1137 2848 necessitate
1161 2791 1221 2848 huc
1245 2789 1317 2848 Illuc

196 2912 411 2970 nascebantur.

242 3037 422 3106 regendum
444 3037 628 3096 putabatur.

726 3215 796 3274 XX.

241 3357 315 3416 ibid.
339 3358 364 3416 1.
390 3359 431 3417 85

241 3486 273 3541 et
295 3485 415 3556 private
438 3485 551 3543 Othoni
580 3500 677 3558 nuper
700 3487 792 3557 atque
816 3485 926 3544 eadem
949 3484 1062 3544 dicenti
1081 3485 1155 3542 nota
1175 3484 1319 3542 adulatio.

241 3610 299 3667 Pm
320 3609 432 3668 dicenti
454 3610 649 3668 scribendum
672 3611 720 3667 est
742 3610 855 3683 upeuti.

718 3765 804 3845 xxi.

241 3927 315 3985 run.
341 3928 396 3986 m.
423 3929 475 3987 rr.

240 4051 345 4122 Neque
364 4052 426 4109 iliis
448 4066 562 4110 manus
587 4052 646 4110 nisi
668 4051 778 4123 gladiis
797 4053 937 4111 armatae
953 4054 985 4110 et
996 4067 1151 4112 arcessere
1163 4055 1320 4113 tormenta

197 4177 252 4233 aut
275 4177 405 4234 missilia
425 4177 505 4247 [tela]
530 4177 660 4248 longum
682 4178 851 4238 videbatur.

149 4384 152 4391 .
243 4301 379 4359 Verbum
404 4302 463 4359 tete
485 4304 690 4375 expungatur.
