3150 5356
674 585 833 676 'ce

521 814 558 870 nt
580 811 662 891 vinci
684 811 763 884 lapis
784 811 942 885 improbus

521 938 553 994 et
576 937 683 994 vatem
704 935 805 1009 potuit
827 935 912 1007 sequi
942 967 971 975 —

523 1062 725 1133 consumptos
746 1060 859 1118 iterum
883 1060 958 1117 deae

523 1184 670 1257 supplent
691 1184 859 1255 Eurydices
881 1182 975 1268 coine,

256 1310 377 1369 cellatis
407 1310 478 1369 Oed.
512 1311 585 1381 562,
618 1309 668 1367 ubi
695 1309 732 1367 de
757 1307 871 1366 taribus
894 1307 1015 1366 umbrie
1039 1308 1070 1364 et
1094 1307 1207 1377 agam.
1233 1307 1306 1378 757,
1333 1306 1383 1364 ubi

262 1435 300 1493 de
324 1433 380 1492 ieci
404 1433 497 1491 inrue
518 1432 683 1507 Phrqqnue
705 1431 839 1504 loquitur
860 1433 960 1504 poeta.

669 1609 761 1668 Herc.
791 1609 857 1667 Oet.
884 1610 969 1668 1858
993 1622 1059 1682 aqq.

721 1737 753 1794 et
775 1750 838 1793 una
859 1735 959 1792 funeri
980 1735 1071 1793 tantu
1094 1736 1144 1792 sat
1166 1749 1209 1808 ee,

435 1860 614 1931 grandaeva
639 1874 718 1917 anus
741 1859 865 1932 defectu,
891 1873 988 1932 qna-m
1010 1860 1095 1917 tetus
1118 1859 1202 1917 brevi

435 1987 499 2043 iam
522 1987 649 2058 quaeret
671 1985 760 2043 orbis.

305 2108 405 2168 Verba
443 2124 554 2182 „quarn
588 2109 673 2165 tetus
706 2108 791 2166 brevi
821 2109 885 2166 iam
908 2109 1040 2180 quaeret
1054 2108 1155 2166 erbis''
1180 2108 1266 2166 omni
1289 2123 1383 2166 sensu

161 2308 166 2318 Ι
263 2234 379 2308 carent,
402 2235 506 2306 itaque
528 2234 590 2292 Leo
613 2233 755 2291 coniecit:

791 2358 858 2416 iura
880 2358 965 2417 tetus
988 2359 1073 2416 brevi

571 2487 731 2542 concurret
752 2484 841 2542 urbis.

270 2646 272 2649 -
306 2607 343 2664 N.
376 2607 521 2666 Heinsius
543 2608 619 2679 legit
641 2611 786 2681 sequetur
809 2608 892 2666 erbis
916 2608 996 2676 (adv.
1017 2623 1086 2680 pag.
1101 2610 1184 2680 319),
1200 2622 1260 2679 qua
1272 2607 1386 2664 coniec-

261 2731 331 2787 tura
364 2744 473 2788 versus
507 2746 583 2788 sane
617 2731 752 2802 aliquem
777 2722 913 2788 ‘aeneum
946 2730 1101 2803 recipient,
1137 2731 1279 2788 attamen
1310 2708 1387 2787 satis

260 2854 407 2925 frigidum
429 2856 461 2912 et
483 2855 630 2913 ieiunum.
655 2855 761 2913 Malim
784 2856 877 2926 igitur

716 2979 747 3036 et
770 2993 832 3036 una
854 2979 952 3036 funeri
976 2980 1065 3036 tante
1088 2979 1138 3036 sat
1160 2993 1203 3051 ee,

443 3102 622 3174 grandaeva
644 3118 733 3176 anua,
758 3102 904 3175 defuncti,
929 3117 1021 3174 quem
1044 3103 1129 3160 totus
1151 3100 1235 3160 brevi

441 3227 506 3286 iam
529 3229 655 3299 quaeret
677 3227 766 3299 eruic,

264 3352 284 3409 i.
310 3367 336 3410 e.
362 3353 405 3426 tu,
430 3353 609 3424 grandaeva
631 3367 718 3424 anua,
744 3366 807 3410 una
830 3350 945 3409 sufficis
955 3351 1055 3408 funeri
1067 3351 1125 3408 viri
1137 3350 1280 3424 defuncti,
1294 3365 1389 3422 quem
1443 3343 1449 3355 '

266 3475 352 3534 brevi
386 3478 513 3548 quaeret
535 3477 679 3549 quidquid
713 3478 761 3535 eet
794 3477 827 3535 in
861 3478 932 3535 erbe
962 3478 1124 3535 terrarum.
1148 3475 1281 3535 Hercule
1303 3475 1389 3534 enim

265 3599 385 3657 sublato
405 3615 488 3658 nova
506 3602 649 3658 menstra
667 3602 784 3658 terram
807 3601 984 3674 vastabunt,
1006 3602 1208 3674 hominesque
1230 3601 1389 3659 terrebunt
1468 3609 1476 3633 *

266 3725 298 3783 et
328 3725 495 3782 vexabunt.
530 3725 579 3782 Ita
601 3725 703 3794 magis
720 3724 916 3797 perspicuum
935 3723 972 3781 fit
990 3740 1042 3781 vv.
1066 3724 1172 3798 funeri
1185 3723 1267 3782 tanto
1279 3723 1312 3781 et
1322 3738 1389 3782 unu

266 3849 410 3907 Alcmene
433 3849 514 3907 inter
536 3864 569 3907 se
592 3849 733 3921 opposita
755 3863 832 3906 esse.
