3150 5356
707 590 746 646 37

165 783 273 842 Troad.
300 785 363 842 229
387 785 609 842 enumerantur
631 783 708 856 loca,
731 783 779 842 ubi
802 783 954 856 pugnavit
974 782 1110 841 Achilles
1122 784 1154 841 et
1165 784 1286 858 oppida,

166 924 244 980 quae
267 908 355 982 cepit,
380 909 412 966 in
436 923 567 980 quorum
591 923 720 966 numeru
737 910 785 966 esi
796 908 899 966 insula
911 908 1059 967 Tenedos.
1084 909 1169 967 Haec
1181 910 1288 967 aulem

163 1034 291 1091 vccaiur
316 1047 335 1090 a
357 1033 449 1106 poeta
470 1033 588 1104 tragice
611 1047 658 1090 vs.
686 1033 765 1090 224:

257 1177 371 1249 „noia
393 1176 501 1233 sarna
523 1173 738 1247 Tenedos’,

163 1332 241 1388 quae
264 1317 357 1375 verba
373 1331 414 1374 ex
425 1316 579 1375 Aeneidos
590 1316 665 1374 libro
678 1316 812 1374 secunde
824 1316 921 1388 petita
933 1315 1086 1389 videntur,
1100 1315 1151 1373 ubi
1163 1331 1209 1373 vs.
1225 1317 1263 1374 21
1277 1333 1283 1373 :
1297 1399 1303 1411 ,

295 1443 339 1498 est
360 1440 394 1498 in
417 1443 576 1514 conspectu
600 1441 784 1514 Tenedos,
809 1441 1030 1499 notissima
1052 1440 1166 1513 sumu

296 1565 447 1633 ἰίἰεσσίσ.

163 1801 280 1874 Τσσείζ
299 1817 362 1874 464
386 1831 451 1888 sqq.
477 1816 694 1874 Andromache
717 1816 754 1874 de
767 1789 959 1887 Asiyanacie
970 1816 1099 1888 loquens
1111 1818 1283 1892 exclamat:

238 2028 247 2036 ι
651 1958 723 2016 hos
746 1952 888 2016 vultus
911 1973 1022 2015 meus

250 2083 426 2141 habebat
448 2082 607 2156 Heci0r‚
632 2081 733 2140 talis
756 2082 921 2140 incessu
944 2081 1035 2168 suia*

169 2188 171 2193 ’
249 2206 473 2279 habiiuque
496 2207 605 2280 talis,
631 2207 689 2265 sic
712 2180 813 2265 iulii
835 2207 966 2265 furies
988 2221 1141 2265 manus.

161 2342 238 2399 Aen.
263 2343 317 2400 ΠΙ.
344 2344 408 2401 490
432 2344 565 2401 Ascanio
589 2344 752 2416 conspecu)
775 2343 885 2401 eadem
907 2343 945 2401 de
968 2342 1030 2400 filio
1055 2358 1109 2401 suo
1134 2316 1222 2401 dicii:

693 2485 736 2542 εἰσ
759 2485 869 2559 oculos,

380 2608 423 2665 εἰσ
448 2607 518 2665 talu
539 2608 590 2666 ἰίἰσ
612 2624 736 2682 munire,
761 2609 805 2667 εἰσ
827 2625 884 2667 eru
907 2609 1035 2684 ferebat,

159 2748 340 2819 quibuscum
374 2750 571 2808 conferantur
601 2766 646 2824 ea,
683 2767 760 2824 quae
783 2751 912 2810 Phaedr.
939 2754 1002 2812 655
1026 2769 1071 2826 sq.
1097 2753 1239 2812 dicuntur
1263 2769 1282 2812 a

158 2874 267 2946 matre,
293 2890 370 2946 quae
392 2875 425 2932 in
448 2874 511 2933 filio
535 2877 672 2950 agnovit,
697 2877 747 2935 vel
771 2877 844 2936 uicit
867 2893 900 2936 se
923 2879 1096 2952 agnovisse,
1121 2880 1252 2952 patrem.

646 3019 756 3093 talis,
781 3035 829 3079 en
851 3021 952 3079 talis
975 3022 1063 3095 fuit,

245 3153 363 3210 quum
393 3141 552 3214 placuii
581 3143 701 3217 hosti,
727 3143 785 3201 sic
807 3144 909 3202 iulii
930 3146 1087 3240 celsum
1109 3148 1231 3220 caput
1249 3146 1277 3215 1).

156 3371 265 3431 Trcad.
291 3374 353 3432 471
379 3374 597 3434 Andromache
620 3375 683 3434 filio
706 3391 762 3450 suc
785 3376 873 3435 dicii:

243 3515 432 3574 rediviva
454 3532 580 3589 ponas
602 3518 800 3590 Pergama

154 3652 198 3711 iia
220 3655 382 3730 Vergilius
408 3657 459 3729 qui
482 3657 644 3730 aliquoiies
667 3660 716 3717 his
738 3660 840 3719 verbis
863 3661 975 3719 utitur:

155 3777 233 3835 Aen.
258 3778 310 3836 IV.
337 3781 410 3839 344.

242 3923 271 3978 σί
292 3923 480 3983 redivina
502 3940 601 3983 σίσίἰσσ
619 3885 852 3998 posuissem
874 3927 1075 4001 Ρσσσσσίσ
1097 3928 1195 4000 vicum
1327 3907 1335 3918 ⁵

155 4063 233 4120 nen.
258 4063 325 4122 vir.
352 4066 426 4124 εἰσ.
691 4034 692 4037 ¹

189 4345 212 4412 ¹)
232 4345 269 4396 Cf.
290 4346 367 4397 Hom.
382 4345 429 4396 Od.
440 4347 483 4396 lV.
495 4346 554 4413 149,
566 4309 611 4396 ubi
621 4347 757 4399 Menelaus
768 4348 959 4402 Telemachum
970 4365 1032 4402 cum
1043 4351 1118 4404 Ulixe
1130 4352 1273 4418 comparat.
