3150 5356
833 584 872 640 24

290 776 470 855 Conferatur
481 778 557 836 haee
569 778 732 851 descriptio
744 793 816 837 cum
828 778 895 836 libri
907 778 1032 852 septimi
1044 779 1197 838 Aeneidos
1209 796 1256 838 νε.
1272 781 1334 839 170
1343 795 1409 851 sqq.

382 919 490 976 tectam
513 921 692 993 aequatam,
716 919 834 993 laycos,
858 923 980 979 centum
1002 920 1133 980 sublime
1155 922 1315 995 columnis,

380 1042 456 1101 urbe
478 1042 542 1115 fait
562 1058 696 1116 summa,
721 1043 887 1103 Laurentis
909 1045 998 1118 recia
1019 1045 1095 1119 Pici,

380 1168 571 1227 horrendam
592 1169 677 1227 allois
700 1171 730 1227 ct
750 1169 897 1243 relacione
911 1174 1102 1244 percaram·

380 1293 429 1351 la'c
451 1296 573 1367 sceptra
594 1296 729 1369 accepere
753 1298 781 1354 et
798 1296 921 1370 primos
944 1296 1082 1355 attollere
1104 1296 1203 1369 fasces

379 1416 505 1489 recidas
528 1432 617 1476 omen
639 1421 715 1492 crat,

380 1575 407 1618 e.
432 1575 460 1631 q.
485 1576 510 1619 s.

292 1699 342 1759 ubi
364 1699 475 1772 Heyne
497 1701 645 1759 annotat:
674 1701 833 1774 „imitatus
855 1704 904 1760 est
926 1702 1029 1760 locum
1052 1703 1413 1762 multocumverborum

292 1826 413 1883 tumore
447 1825 572 1898 Seneca,
609 1825 737 1898 Thyest.
774 1827 988 1899 641-664;”
1025 1843 1119 1900 quam
1153 1829 1191 1887 o‘o
1225 1843 1353 1887 oausam
1376 1828 1414 1886 de

292 1950 341 2008 his
374 1950 450 2009 locis
483 1949 592 2008 multis
626 1951 728 2009 verbis
762 1967 824 2009 non
859 1953 938 2010 utar.
963 1953 1082 2011 Tamen
1105 1953 1246 2012 animum
1270 1953 1415 2011 attendas

292 2073 389 2132 velim
411 2073 450 2132 ad
472 2088 519 2131 vs.
545 2074 609 2132 646
633 2088 678 2146 sq.

381 2214 556 2273 immane
579 2216 743 2289 tectum,
768 2216 884 2276 cuius
906 2220 1076 2278 auratae
1099 2220 1237 2279 trabes

382 2337 513 2396 variis
535 2338 740 2398 columnis
762 2341 923 2400 nobiles
945 2343 1120 2402 maculis
1142 2344 1291 2419 serunt,

293 2485 325 2540 et
348 2481 386 2540 ad
410 2481 536 2552 Vergilii
559 2497 607 2541 νε.
635 2484 697 2542 170

340 2629 485 2685 tectum
507 2626 689 2700 immone,
714 2627 823 2701 iaceas
846 2631 967 2687 centum
989 2628 1164 2687 sublime
1187 2629 1397 2689 collemalo.

265 2819 268 2824 .
295 2770 344 2828 Sic
367 2784 487 2842 quoque
510 2769 638 2841 Thyest.
663 2784 709 2828 νε.
735 2769 797 2827 667

382 2912 476 2970 hinc
499 2911 708 2984 auspicari
730 2926 856 2982 regna
879 2911 1125 2971 Tantalidae
1148 2912 1287 2972 solent

296 3037 470 3095 conferatur
492 3050 565 3095 oum
588 3035 714 3106 Vergilii
737 3050 784 3093 vs.
812 3036 873 3094 173
898 3051 963 3108 sqq.

428 3178 619 3251 haseccae
641 3178 777 3251 compare
800 3180 829 3235 el
846 3177 968 3250 primos
992 3176 1129 3234 attollere
1151 3175 1251 3249 fascea

427 3301 552 3376 redibas
575 3303 763 3373 emerserat,
787 3301 842 3359 hoc
864 3299 928 3358 illis
951 3299 1040 3357 caric
1065 3299 1221 3372 templum,

429 3426 478 3485 la‘c
499 3425 597 3485 semis
619 3404 703 3484 sedes
727 3424 835 3498 epulis,
861 3423 909 3481 la'c
932 3423 1027 3480 ariete
1049 3437 1134 3481 caeso

426 3548 583 3623 perpetuis
605 3547 689 3606 soliti
706 3548 816 3620 potres
838 3545 992 3604 considere
1015 3544 1138 3618 memte,

296 3707 389 3765 quem
422 3691 526 3749 locum
560 3689 656 3747 etiam
688 3688 721 3746 in
755 3688 993 3758 Agamemnone
1027 3701 1073 3744 vs.
1100 3686 1119 3744 8
1143 3700 1208 3758 sqq.
1232 3699 1417 3758 expressum

296 3816 447 3889 videmus,
472 3814 522 3872 ubi
545 3812 692 3885 Thyestis
715 3811 825 3870 umbra
847 3810 884 3869 de
907 3809 1155 3880 Agamemnonis
1176 3809 1278 3881 regia:

385 3958 479 4015 hino
501 3955 709 4029 auspicari
732 3954 889 4025 regium
911 3954 1039 4027 capiti
1062 3954 1184 4013 decus

385 4096 469 4139 mos
491 4081 554 4139 est
576 4079 783 4150 Pelasgis:
808 4080 880 4137 hoc
903 4079 1048 4138 sedent
1070 4078 1147 4137 alti
1171 4079 1269 4156 toro,

385 4203 530 4276 quibus
552 4202 726 4276 superba
748 4203 912 4276 sceptra
934 4202 1154 4274 gestantur
1176 4216 1304 4274 mano,

386 4330 501 4388 locus
531 4329 595 4388 hic
624 4329 833 4389 habendae
863 4329 1009 4403 curiae,
1042 4328 1106 4387 hic
1136 4306 1270 4402 epulis
1292 4326 1416 4385 locus.
