3150 5356
776 672 794 728 3

227 856 340 930 fuisse,
363 859 428 915 iarn
451 858 522 916 inde
544 857 646 929 colligi
669 860 788 931 potest,
812 858 912 930 quod,
935 859 972 915 ut
993 857 1031 913 V.
1054 856 1089 914 D.
1112 855 1173 913 leo
1192 851 1214 925 ¹)
1237 854 1348 913 multis

227 969 425 1038 argumentis
458 968 610 1042 ostendit,
647 969 758 1039 quavis
790 968 854 1027 iere
884 968 999 1040 pagina
1028 965 1197 1024 manifesta
1218 979 1292 1038 prae
1313 979 1347 1022 se
1369 1036 1377 1061 ᾖ

227 1075 288 1134 fert
310 1077 438 1151 indicia,
462 1093 559 1150 quam
581 1080 670 1138 totus
692 1095 711 1137 a
732 1075 853 1151 legibus
875 1081 908 1137 et
922 1077 1094 1151 praeceptis
1105 1077 1254 1150 pendeat,
1268 1089 1348 1147 quae

227 1188 260 1243 in
282 1189 446 1247 rhetorum
468 1188 584 1247 scholis
605 1191 814 1249 traderentur.

270 1298 458 1371 Priusquam
488 1302 593 1359 autem
627 1302 665 1359 ad
696 1317 764 1360 rem
795 1301 986 1375 propositam
1016 1300 1197 1373 aggredior,
1221 1312 1348 1356 monen-

227 1409 303 1468 dum
325 1412 417 1484 puto,
440 1412 593 1470 nonnulla
614 1413 748 1483 vestigia
769 1414 803 1470 iu
825 1412 993 1483 tragoediis
1015 1413 1124 1468 extare
1138 1409 1218 1468 mihi
1234 1408 1346 1481 videri,

227 1535 268 1577 ex
290 1521 403 1591 quibus
424 1523 491 1580 iure
513 1523 649 1594 quodum
664 1523 782 1582 efficias
793 1522 919 1581 illarum
931 1525 1094 1581 auctorem
1106 1521 1233 1592 Vergilii
1244 1534 1347 1578 erem·

129 1656 133 1661 ·
227 1631 314 1703 plum
348 1648 412 1690 non
441 1635 510 1691 tarn
540 1635 635 1693 anxie
664 1637 812 1694 secutum
834 1650 919 1707 esse,
942 1636 978 1692 ut
1000 1649 1063 1692 nou
1086 1635 1119 1691 et
1140 1633 1218 1690 alios
1239 1633 1348 1705 poetas

228 1743 387 1803 interdum
420 1746 461 1802 sit
494 1746 648 1806 imitatus.
681 1746 730 1804 Sic
758 1746 871 1804 indicia
893 1761 927 1804 so
950 1745 1028 1803 mihi
1050 1742 1241 1817 offerebant,
1268 1757 1348 1814 quae

227 1856 397 1914 ostendunt
437 1858 626 1916 vetustiores
662 1859 799 1929 tragicos
835 1859 868 1915 in
905 1858 1036 1916 materie
1072 1856 1238 1914 tractanda
1273 1854 1349 1913 ordi-

228 1966 394 2037 nandoque
422 1968 547 2039 saepius
575 1969 603 2026 ei
632 1968 776 2042 exemplo
806 1969 912 2028 fuisse.
946 1968 1122 2027 Nonnullos
1150 1982 1241 2040 porro
1263 1966 1348 2024 locos

226 2075 386 2134 invenisse
419 2077 497 2135 mihi
529 2079 651 2152 videor,
683 2080 735 2138 ubi
768 2079 956 2139 Ouidianum
989 2080 1111 2138 dicendi
1143 2095 1244 2151 genus
1272 2093 1347 2136 eum
1375 2102 1385 2130 i

228 2187 380 2246 imitando
402 2191 595 2261 expressisse
617 2191 700 2249 houd
723 2192 827 2263 inepte
849 2192 946 2250 statui
969 2193 1082 2264 potest.

270 2298 382 2357 Fusius
404 2299 499 2372 igitur
519 2301 552 2358 et
574 2301 728 2374 copiosius
750 2318 850 2374 quum
871 2303 933 2361 sim
955 2303 993 2361 de
1008 2303 1164 2361 sermonis
1175 2299 1348 2372 Vergiliani

228 2409 406 2469 imitatione
427 2411 661 2486 disputaturus,
692 2414 781 2472 cuius
796 2414 929 2485 vestigia
944 2415 977 2472 in
992 2413 1171 2484 'tragoediis
1182 2413 1366 2493 deprehen,

227 2519 363 2594 duntur,
387 2521 507 2592 aliquot
520 2521 605 2580 locos
627 2525 846 2598 praemittam,
871 2525 923 2595 qui
942 2525 1091 2596 antiquos
1110 2523 1259 2594 Tragicos
1282 2522 1347 2580 imi-

201 2630 315 2700 ,tandi
344 2632 485 2690 studium
515 2648 588 2705 prae
614 2649 648 2692 se
681 2634 760 2692 ferre
783 2636 944 2707 videntur,
969 2635 1081 2705 quibus
1103 2634 1248 2706 deinceps
1269 2633 1347 2691 aiios

226 2742 432 2815 subiungam,
456 2744 508 2801 ubi
531 2743 677 2804 Ovidium
700 2760 755 2818 pro
776 2742 921 2818 exemplo
944 2745 1041 2803 fuisse
1063 2745 1193 2802 conicio.

268 2878 383 2949 Agam.
402 2879 462 2938 421
483 2896 530 2950 sq.
553 2880 728 2953 Eurybates
746 2897 880 2940 narrans
891 2881 1047 2953 quomodo
1059 2879 1168 2939 Graeci
1179 2879 1271 2938 Troia
1282 2895 1346 2952 pro-

224 2987 298 3046 fecti
320 2989 422 3049 altum
445 2991 628 3066 petiverint,
651 2992 760 3051 deinde
782 2992 983 3063 naufragium
1005 2991 1209 3065 fecerint,ita
1220 2991 1344 3063 incipit:

312 3126 362 3184 Ut
384 3126 622 3197 Pergamum
645 3142 761 3187 omne
783 3129 929 3187 Dorica
950 3129 1103 3187 cecidit
1124 3128 1227 3200 face,

311 3237 446 3295 divisa
468 3238 615 3309 praeda
636 3240 716 3313 est,
741 3240 842 3296 maria
864 3242 1066 3314 properantes
1088 3241 1210 3313 petunt.

269 3348 376 3406 Livius
398 3348 597 3407 Andronicus
619 3349 651 3406 iu
663 3349 826 3424 Aegistho,
841 3351 933 3408 cuius
948 3351 1031 3408 idem
1046 3352 1096 3409 est
1107 3351 1343 3422 argumentum,

227 3459 321 3516 habet
345 3459 458 3529 fragm.
481 3459 496 3516 Ι
518 3460 576 3532 (5),
599 3474 669 3532 pag.
694 3462 709 3517 1
734 3460 837 3519 Rieu:

778 3571 874 3630 Nam
896 3575 939 3631 ut
960 3572 1158 3643 Pergama

354 3696 530 3739 accensa
551 3682 590 3738 et
611 3682 759 3753 praeda
781 3698 834 3754 per
856 3684 1022 3755 participes
1035 3725 1126 3740 .....

354 3791 510 3862 partita
540 3793 603 3849 est
620 3834 775 3850 .......

226 3927 318 3999 paulo
341 3928 437 4000 infra,
461 3928 575 3998 Agam.
599 3930 661 3986 449
684 3944 750 4000 sqq.
774 3928 925 3999 legimus:

353 4041 430 4096 tunc
452 4039 504 4111 qui
527 4040 648 4096 iacente
670 4041 847 4112 reciprocus
869 4038 976 4097 ludit
998 4039 1064 4097 salo

353 4149 576 4220 tumidumque
599 4151 701 4222 pando
724 4150 861 4209 transilit
882 4151 973 4208 dorso
996 4165 1084 4208 mare

353 4259 537 4331 Tyrrhenus
559 4261 647 4319 omni
669 4261 763 4332 piscis
785 4261 911 4319 exultat
932 4261 1012 4319 freto

264 4406 285 4465 ¹)
303 4406 365 4463 Leo,
383 4405 412 4454 de
430 4406 484 4454 Son¹
502 4411 563 4470 trag.
582 4406 632 4456 obs.
651 4406 705 4455 crit.
723 4422 746 4471 p.
766 4407 909 4456 its-158.
