3150 5356
831 607 850 663 4

289 847 295 852 ,
410 787 571 861 agitatque
593 804 689 863 gyros
712 793 744 850 et
765 807 873 850 comes
895 791 985 850 lateri
1007 792 1137 850 adnatat

408 899 527 958 anteire
549 915 647 959 naves
668 900 771 960 laetus
792 903 825 960 et
845 917 955 960 rursus
977 903 1081 974 sequi;

409 1025 495 1070 nunc
516 1011 619 1085 prima
640 1013 777 1086 tangens
798 1015 901 1072 rostra
922 1013 1046 1073 lascivit
1067 1014 1182 1073 chorus

410 1121 616 1182 millesimam
642 1138 727 1182 nunc
749 1123 850 1182 ambit
871 1125 904 1182 et
925 1122 1079 1182 lustrat
1100 1126 1246 1197 ratem;

325 1231 513 1304 quibuscum
525 1234 704 1293 conferatur
714 1235 1024 1306 fragmentumllldl
1033 1222 1174 1295 eiusdem
1183 1235 1331 1294 Livianae
1342 1237 1401 1293 tra-

283 1343 411 1414 goediae
425 1359 454 1416 p.
473 1345 488 1402 1
505 1344 609 1416 Rieu,
625 1346 706 1417 quod
722 1361 763 1404 ex
774 1346 883 1405 eadem
895 1346 1100 1418 descriptione
1112 1347 1248 1420 petitum
1260 1347 1399 1406 videtur

410 1453 492 1513 Tum
514 1458 623 1544 autern
644 1457 800 1516 lascivum
821 1457 913 1516 Nerei
934 1458 1054 1516 simum
1076 1473 1171 1531 pecus

408 1566 555 1627 ludens
577 1569 616 1627 ad
638 1570 769 1627 cantum
792 1569 969 1627 classem
994 1567 1204 1627 lustratur

325 1729 374 1790 Sic
407 1747 531 1804 quoque
564 1747 604 1790 ex
626 1732 708 1790 Attii
729 1732 826 1791 Atreo
848 1732 985 1805 plurima
1007 1747 1081 1791 cum
1104 1732 1238 1791 Senecae
1261 1731 1400 1803 Thyeste

281 1844 485 1903 conveniunt.

324 1954 412 2013 illius
441 1956 620 2026 tragoediae
651 1956 738 2014 enim
766 1955 946 2027 fragmento
976 1955 1021 2013 ΠΙ
1042 1955 1128 2027 ·(13),
1155 1971 1184 2028 p.
1209 1954 1269 2013 136
1292 1954 1397 2027 Rieu,

281 2067 399 2126 Atreus
420 2067 498 2125 haec
520 2067 611 2125 dicit:

408 2178 530 2237 Iterum
552 2175 709 2249 Thyestes
730 2177 866 2236 Atreum
888 2177 1101 2236 adtractatum
1124 2177 1270 2250 advenit,

407 2288 523 2347 iterum
545 2288 610 2346 iam
632 2288 811 2361 adgreditur
832 2303 885 2347 me
907 2289 939 2347 et
961 2288 1104 2360 quietum
1126 2288 1273 2347 suscitat:

408 2401 509 2458 maior
530 2400 609 2458 mihi
631 2400 748 2475 moles,
771 2401 876 2460 malus
898 2401 1129 2459 miscendumst
1149 2398 1273 2458 malurn

406 2526 468 2582 quo
490 2510 574 2570 illius
595 2511 743 2570 acerbum
766 2527 819 2570 cor
840 2512 1036 2570 contundam
1058 2515 1091 2571 et
1112 2512 1332 2585 comprimam.

323 2623 405 2682 idem
429 2623 513 2681 color
535 2625 584 2682 est
605 2623 693 2682 Atrei
716 2623 974 2694 exclamationis,
998 2621 1128 2695 Thyest.
1151 2638 1199 2681 vs.
1224 2623 1283 2681 192
1306 2637 1373 2693 sqq.
1423 2649 1426 2655 ·

407 2734 627 2807 age,.anime‚
650 2733 699 2792 fac
722 2734 804 2805 quod
826 2733 912 2792 nulla
934 2733 1101 2806 posteritas
1122 2733 1231 2807 probet

407 2845 461 2904 sed
483 2844 571 2903 nulla
594 2846 712 2917 taceat,
736 2843 860 2918 aliquod
882 2845 1061 2904 audendum
1083 2847 1132 2903 est
1154 2844 1242 2903 nefas

406 2958 516 3030 atron,
541 2957 726 3030 cruentum,
749 2955 812 3015 tale
834 2957 916 3028 quod
938 2956 1034 3015 frater
1055 2973 1163 3032 meuS,

406 3084 501 3128 suum
523 3084 592 3128 esse
616 3068 739 3128 mallet:
763 3069 880 3128 scelera
902 3084 967 3127 non
990 3067 1149 3128 ulcisceris

408 3180 468 3238 nisi
491 3180 600 3239 vincis.

322 3317 522 3378 Sententiam
554 3318 725 3389 fragmenti
755 3316 783 3373 V
816 3316 872 3387 (9),
907 3331 936 3388 p.
965 3316 1032 3374 136·
1048 3316 1150 3389 arola,
1175 3316 1314 3375 eiusdem
1338 3319 1395 3377 tra-

280 3430 406 3502 goediae
431 3429 571 3501 „oderint
592 3429 668 3487 dum
692 3423 858 3486 metuant”
880 3427 1023 3486 invenies
1045 3428 1077 3485 in
1100 3428 1188 3485 Atrei
1210 3444 1284 3485 cum
1307 3429 1395 3486 satel-

156 3542 159 3547 ’
278 3541 334 3600 lite
356 3539 525 3611 colloquio.
548 3539 678 3611 Thyest.
702 3538 763 3596 205
786 3553 852 3611 sqq.

602 3645 778 3708 Maximum
804 3650 863 3707 hoc
885 3649 973 3720 regni
996 3650 1114 3707 bonurn
1138 3652 1202 3720 est,

406 3761 488 3832 quod
512 3762 598 3820 iacta
619 3760 739 3819 domini
761 3760 883 3830 cogitur
905 3759 1038 3832 populus
1059 3760 1109 3818 sui

407 3874 474 3930 tam
497 3872 576 3930 ferre
598 3885 694 3942 quam
716 3870 852 3943 laudare,
876 3884 942 3941 sqq.

321 4015 375 4072 Vs.
399 4015 459 4072 222
482 4030 550 4088 sqq.
571 4014 712 4086 sequitur
734 4014 766 4071 in
780 4011 919 4086 Thyeste
930 4012 1084 4071 scelerum
1096 4013 1302 4085 enumeratio,
1315 4027 1393 4084 quae

279 4125 435 4197 Thyestes
456 4125 634 4183 commisit:

774 4235 941 4306 coniugem
964 4237 1073 4307 stupro
1096 4234 1225 4293 abstulit

405 4361 601 4419 regnumque
622 4347 722 4406 furto:
747 4347 909 4420 specimen
932 4346 1099 4418 antiquum
1121 4345 1232 4418 imperi
