3150 5356
640 578 755 652 ¹17

174 769 252 829 dum
275 771 324 829 his
347 771 521 831 conferatur
544 772 616 832 Oed.
644 774 716 831 231.

263 897 413 969 incipit
435 897 520 969 pati
543 899 745 955 eommota
766 898 977 957 Phoebum.

176 1019 249 1076 720.
340 1020 433 1090 quid
457 1034 515 1078 me
538 1020 691 1078 furoris
714 1021 885 1078 incitam
908 1021 1095 1080 stimulis
1119 1024 1213 1080 novi

263 1267 435 1340 rapitis?
515 1274 520 1286 “

174 1389 216 1448 Of.
242 1392 319 1448 Aen.
344 1391 396 1448 Vl.
424 1392 495 1469 1002

955 1517 991 1559 ea
1013 1501 1106 1574 frena
1129 1501 1247 1574 sureali

262 1624 394 1681 eoueul'l
415 1626 444 1681 el
465 1625 606 1683 stimulos
628 1625 686 1683 sub
705 1628 827 1698 pectore
849 1627 940 1684 aeut't
960 1627 1057 1700 Apoll
1076 1671 1083 1685 .

172 1805 262 1863 Hero.
287 1805 344 1863 fur.
370 1806 411 1864 30
435 1821 500 1877 sqq.
525 1805 780 1864 Lamentationes
802 1805 938 1863 Iunonis.

262 1928 366 2003 Quae
389 1929 515 1988 bellai
541 1929 736 2002 quidquid
759 1929 969 1988 horridum
992 1928 1122 1987 tellus
1145 1931 1259 1987 areat

261 2051 438 2125 inimica,
464 2052 658 2124 quidquid
680 2055 830 2126 pontus
853 2055 923 2111 ant
945 2068 1013 2111 aer
1035 2053 1136 2111 tulit
1260 2015 1265 2028 ⁸

262 2174 462 2248 terribile,
488 2176 627 2249 dirum,
652 2177 867 2250 pestilens,
893 2178 1022 2250 atrox,
1047 2177 1186 2250 ferum,

260 2297 438 2386 fractum
461 2301 582 2370 atque
605 2300 802 2358 domitum
825 2303 897 2359 est.

216 2422 264 2479 Ita
298 2436 418 2493 quoque
452 2425 529 2480 Aen.
565 2422 633 2481 VH.
668 2423 729 2481 297
755 2438 821 2495 sqq.
846 2424 903 2482 dea
925 2423 1062 2495 queritur
1084 2437 1104 2480 a
1126 2438 1160 2481 se
1184 2437 1294 2481 omnes

173 2531 255 2605 vires
278 2548 374 2606 maris
397 2549 429 2606 et
451 2548 527 2606 eoeli
550 2548 702 2606 adhibitas
724 2564 803 2622 esse,
828 2549 882 2607 sed
905 2547 982 2606 nihil
1005 2548 1061 2607 sibi
1083 2547 1248 2621 profuisse:

571 2673 613 2744 al,
638 2671 735 2745 credo,
759 2687 829 2730 mea
851 2671 984 2730 numina
1009 2671 1132 2729 landem

260 2793 344 2867 sessa
366 2795 474 2868 iaceat,
500 2795 579 2863 odiis
602 2798 659 2853 aad
680 2797 863 2854 exsaturata
886 2797 988 2869 quievi
1017 2829 1046 2836 -

260 2920 338 2992 quia
361 2920 454 2978 eliam
472 2920 584 2992 patrio
606 2935 747 2978 eaoueeoe
769 2920 884 2994 infesta
902 2937 962 2994 per
984 2921 1087 2980 undae

260 3061 340 3104 ausa
362 3045 459 3118 sequi,
484 3048 513 3103 el
529 3045 679 3119 profunde
704 3049 762 3104 toto
784 3061 833 3105 me
856 3060 1008 3119 opponere
1025 3047 1132 3118 pout.

259 3170 453 3243 Absumptae
476 3170 509 3227 iu
534 3169 663 3228 Teucros
685 3170 764 3228 uiros
787 3169 923 3241 caelique
945 3169 1114 3241 marioque.

215 3329 286 3386 Loei
310 3328 451 3387 Herculis
473 3330 604 3388 furentis
626 3330 658 3387 et
682 3328 835 3387 Aeneidos
858 3328 925 3386 libri
951 3328 1000 3401 Vl,
1026 3328 1134 3399 quibus
1153 3327 1294 3385 Herculis

171 3454 202 3509 et
237 3455 361 3510 Aeneae
396 3452 563 3510 descensus
597 3451 636 3510 ad
659 3451 773 3509 inferos
797 3451 1018 3523 deseribuntur,
1043 3450 1145 3507 multa
1168 3450 1291 3524 habent,

172 3591 250 3648 quae
284 3575 372 3634 facile
406 3577 554 3634 evincunt
588 3576 714 3649 poetam
743 3575 897 3646 tragicum
928 3576 977 3632 hio
1000 3574 1171 3645 Vergilium
1194 3575 1292 3632 imita-

171 3700 238 3756 tum
263 3713 348 3757 esse:

215 3822 305 3881 Hero.
330 3821 387 3880 fur.
414 3823 477 3880 658
501 3838 566 3894 sqq.

260 3948 322 4005 fas
345 3962 460 4005 omne
483 3947 619 4004 mundi
643 3948 763 4037 teque
786 3946 1066 4004 dominantem
1089 3960 1231 4047 precor

260 4087 385 4143 regno
409 4073 550 4144 oapaoi
572 4073 701 4144 teque,
727 4085 843 4142 quam
866 4071 1043 4127 amotam
1065 4069 1194 4126 inrita

261 4196 472 4269 quaesivit
494 4196 606 4254 Enna
629 4197 767 4268 mater,
793 4196 836 4252 ut
857 4194 947 4251 iura
970 4193 1109 4251 abdita

259 4323 299 4378 et
321 4324 464 4395 operta
487 4321 615 4380 terris
638 4319 765 4379 liceat
787 4319 951 4392 impune
974 4319 1094 4390 loqui.

1204 4419 1219 4468 2
