3150 5356
771 621 812 682 49

321 834 496 879 corroso
518 818 664 890 tetigit
686 832 846 892 supero,
871 817 936 890 qui
959 831 1117 876 mersus
1140 815 1263 877 semei

321 946 424 1005 adiit
446 945 644 1004 silentem
667 946 787 1003 noete
811 946 1010 1017 perpetua
1032 943 1199 1001 domum.

232 1071 275 1130 of.
299 1072 377 1129 Aen.
401 1070 453 1127 VI.
479 1070 543 1128 650
567 1083 613 1141 sq.

363 1196 475 1255 scilicet
496 1196 690 1254 immemores
712 1210 828 1268 eorporo
850 1197 886 1252 ert
907 1209 1040 1253 comreru
1062 1193 1199 1252 revisum

362 1335 475 1378 rursus
499 1321 527 1378 et
549 1320 703 1392 incipiunt
725 1320 759 1377 m
782 1334 913 1391 corporo
936 1318 1009 1376 oelle
1031 1318 1151 1375 reuerti.

160 1498 164 1505 .
230 1447 425 1521 Quamquam
458 1446 533 1503 sunt
567 1459 677 1503 versus
710 1460 773 1503 non
806 1444 892 1502 omni
919 1444 1068 1515 exparte
1091 1441 1219 1514 similes,
1242 1441 1352 1498 tamen

229 1570 403 1628 notandum
422 1548 485 1642 Lest
519 1570 647 1640 utroque
677 1568 744 1626 ioco
769 1568 861 1626 verba
883 1582 999 1640 euporo
1022 1581 1154 1624 ooooerro
1176 1563 1350 1637 significare

224 1696 351 1766 portem
384 1707 554 1765 supernam
580 1692 704 1750 comesi
728 1693 884 1748 terrorum
907 1691 999 1763 orbis,
1024 1706 1087 1748 non
1110 1689 1186 1748 ouelr'
1208 1686 1350 1763 convexo,

230 1819 295 1874 sive
318 1815 446 1889 eoelum,
471 1817 506 1873 ut
528 1815 609 1888 alibi,
634 1815 719 1873 veiut
741 1816 819 1873 Aen.
845 1816 895 1872 Π.
922 1816 984 1873 240
1008 1829 1054 1886 sq.

719 1939 843 1997 tulisse
866 1938 982 1997 orooro
1005 1939 1084 1996 utris

318 2062 463 2135 saucibus
487 2061 648 2136 offirrrdens
671 2076 821 2134 supero
844 2061 894 2118 od
916 2076 1092 2119 coureoru
1114 2060 1241 2133 serebat,

229 2190 261 2247 et
283 2190 361 2246 Aen.
385 2187 424 2245 X.
451 2189 524 2246 251.

229 2312 382 2383 Verffl'iius
427 2313 529 2384 habet,
577 2312 655 2369 Aen.
701 2311 754 2369 IV.
797 2313 871 2384 451,
907 2312 984 2370 ouelr'
1016 2326 1149 2370 contero
1180 2311 1268 2369 tueri.
1302 2310 1351 2369 Sic

228 2439 363 2508 legimus
385 2440 417 2496 in
441 2439 682 2496 Phoenissarum
704 2437 862 2507 tragoedia
885 2453 931 2493 vs.
957 2438 1037 2495 993:

496 2562 627 2631 magis
650 2561 860 2632 magisque
883 2560 1074 2617 concussi
1096 2559 1239 2620 labant

317 2701 491 2744 convexo
513 2685 626 2744 coeit.

228 2810 294 2868 Hoo
316 2812 423 2868 autem
446 2810 542 2868 etiam
564 2811 645 2882 apud
667 2809 745 2867 aiios
767 2809 933 2867 invenitur.

228 3004 654 3076 Phaedr.448sqq.Phaedrae
663 3004 768 3060 nutrix
777 3002 981 3075 Hippolytum
990 3004 1171 3061 adhortatur
1180 3003 1228 3060 his
1238 3003 1347 3062 verbis:

760 3140 828 3184 our
850 3127 939 3184 toro
962 3127 1083 3184 viduo
1105 3108 1238 3184 iaces?

316 3249 483 3308 tristem
506 3249 718 3306 iuventam
741 3249 872 3321 soive3
897 3263 1001 3307 nuno
1024 3264 1168 3307 cursus
1191 3264 1295 3323 rape,

316 3372 487 3445 effunde
517 3373 714 3444 hohenoe,⁴
745 3375 923 3447 optimus
954 3375 1066 3434 vitae
1096 3375 1182 3434 dies

316 3499 491 3558 effluere
520 3499 702 3572 prohibe,

227 3639 322 3696 quum
351 3624 590 3682 translationem
620 3640 639 3682 u
668 3640 701 3682 re
731 3625 865 3696 equestri
896 3626 1025 3697 petitam
1055 3625 1094 3684 ad
1124 3625 1221 3684 animi
1243 3627 1348 3684 motus

215 3747 436 3820 oepingendos
463 3748 507 3805 ita
534 3749 661 3820 usurpat
688 3747 841 3818 Vergilius
863 3749 941 3806 Aen.
966 3748 1036 3807 ΧΠ.
1061 3751 1124 3808 499

492 3872 618 3928 trorum
641 3885 744 3929 omnes
766 3871 900 3944 offundit
921 3871 1078 3942 hubonem

227 3993 417 4051 senteutiam
447 3995 553 4051 autem
583 3993 679 4051 totius
709 3993 767 4051 ioei
796 3996 937 4052 invenies
970 3996 1048 4054 Aen.
1073 3996 1125 4054 IV.
1150 3997 1191 4055 32
1216 4011 1271 4071 sq,
1297 3997 1348 4055 ubi

227 4117 321 4174 Anna
342 4116 494 4175 Didonem
516 4116 565 4174 iris
588 4116 689 4174 verbis
712 4116 891 4190 alloquitur:

264 4232 272 4244 “
359 4240 464 4298 solorre
482 4244 637 4314 perpetuu
660 4257 800 4300 moerens
823 4258 948 4316 corpere
970 4244 1104 4320 r'uoeatu,

359 4381 413 4426 noo
436 4365 537 4426 dulces
560 4369 659 4443 natos,
688 4367 812 4426 Vener-ts
834 4383 888 4426 neo
906 4370 1053 4443 proemio
1074 4370 1184 4430 noris?

1223 4470 1243 4526 t
