3150 5356
479 1855 1070 1953 XPPENDIX.

541 2287 547 2303 ⁹
650 2338 759 2396 Trosd.
785 2339 848 2397 632
873 2353 919 2410 sq.

362 2465 492 2523 Utinam
514 2465 667 2523 timerem.
692 2461 807 2522 Solitus
829 2477 870 2520 ex
892 2462 986 2533 longo
1010 2464 1059 2520 est
1081 2463 1194 2521 metus,

361 2589 495 2647 Dediscit
516 2589 640 2646 animus
662 2591 681 2658 †
704 2588 781 2646 sicre
803 2587 883 2658 quod
906 2588 1010 2645 didicit
1032 2588 1093 2646 diu.

227 2714 275 2772 Sic
305 2715 402 2772 codex
423 2712 580 2786 Etruscus,
605 2712 697 2771 ceteri
719 2701 835 2769 habent
857 2726 912 2783 pro
934 2711 1011 2769 ec’cre
1040 2726 1117 2769 ecre.
1145 2712 1206 2770 Leo
1229 2713 1351 2785 scripsit

226 2854 325 2911 ecepe.
357 2838 424 2895 Birt
456 2838 542 2906 (Mus.
577 2836 675 2895 Rhen.
699 2835 843 2908 XXXIV,
875 2849 960 2908 pags
982 2837 1056 2905 540)
1090 2851 1145 2908 pr0
1164 2840 1348 2908 argumento

227 2964 359 3019 efferens
388 2962 509 3019 litteras
537 2961 604 3018 iet
627 2976 648 3018 c
670 2960 703 3017 in
733 2960 836 3018 codice
861 2959 895 3017 Ε.
927 2974 991 3017 non
1021 2960 1098 3018 bene
1124 2961 1286 3020 distinctas
1315 2964 1347 3021 et

227 3088 349 3159 saepius
370 3085 513 3144 confusas
535 3100 612 3158 csse,
637 3084 785 3142 coniecit:

360 3209 487 3269 dediscit
519 3210 643 3266 animus
676 3206 777 3280 facere
800 3207 880 3278 quod
904 3207 1007 3265 didicit
1029 3182 1111 3281 dius

226 3333 1347 3409 quibushaecaddidit:„daseinzigewesinemersoaligemeingehaltenen

226 3462 453 3520 Sentenzetwa
475 3459 556 3517 noch
578 3432 671 3516 hinzu
694 3458 843 3516 kcmmen
864 3457 991 3532 konnte,
1003 3458 1046 3516 ist
1055 3459 1106 3517 cin
1117 3458 1345 3534 Verbaibegriff,

226 3587 281 3645 das
299 3586 403 3644 timere
413 3556 654 3643 aufnehmend.''
678 3583 827 3655 Equidem
839 3583 928 3641 credo
940 3583 1022 3641 viros
1034 3584 1348 3644 doctoshuncimum

226 3724 289 3767 nen
310 3710 388 3767 bene
410 3708 611 3766 intellexisse.
657 3706 734 3780 Quid
755 3707 840 3764 enim
862 3707 918 3764 sibi
941 3706 1010 3765 vuit
1032 3707 1081 3764 his
1107 3707 1246 3767 versibus
1256 3711 1348 3782 poeta

225 3833 382 3903 tragicus?
416 3834 634 3892 Andromache
666 3833 790 3906 respicit
823 3834 855 3890 et
884 3833 1017 3904 trepidat
1046 3833 1125 3902 (vide
1156 3848 1235 3891 vers.
1260 3835 1344 3908 631),

225 3972 303 4029 quse
336 3958 411 4014 sunt
443 3957 615 4015 certissima
648 3957 737 4027 signa
781 3957 911 4029 timone,
946 3956 1049 4028 itaque
1082 3973 1113 4015 ee
1149 3958 1253 4015 timere
1283 3972 1346 4017 non

225 4080 327 4151 potest
347 4095 470 4153 cepere,
495 4079 548 4137 sed
560 4079 714 4151 explicare
726 4094 863 4137 cccecm.
888 4079 946 4136 Pro
958 4080 1035 4138 cicrc
1046 4080 1140 4150 igitur
1151 4081 1346 4142 scribendum

223 4217 334 4261 censeo
357 4217 457 4277 (repre,
480 4197 525 4260 ita
547 4204 582 4260 ut
604 4203 700 4260 dicat:

357 4326 485 4387 dediscit
505 4327 629 4385 animus
650 4342 741 4401 capre
763 4327 844 4400 quod
865 4300 969 4386 didicit
991 4327 1052 4386 diu.

1222 4429 1241 4486 6
