<?xml version="1.0" encoding="UTF-8"?>
<!DOCTYPE html PUBLIC "-//W3C//DTD XHTML 1.0 Transitional//EN"
    "http://www.w3.org/TR/xhtml1/DTD/xhtml1-transitional.dtd">
<html xmlns="http://www.w3.org/1999/xhtml" xml:lang="en" lang="en">
 <head>
  <title>
</title>
<meta http-equiv="Content-Type" content="text/html;charset=utf-8" />
  <meta name='ocr-system' content='tesseract 3.04.00' />
  <meta name='ocr-capabilities' content='ocr_page ocr_carea ocr_par ocr_line ocrx_word'/>
</head>
<body>
  <div class='ocr_page' id='page_1' title='image "./deauctoretragoe00romegoog_0098.png"; bbox 0 0 3150 5356; ppageno 0'>
   <div class='ocr_carea' id='block_1_1' title="bbox 765 598 807 668">
    <p class='ocr_par' dir='ltr' id='par_1_1' title="bbox 765 598 807 668">
     <span class='ocr_line' id='line_1_1' title="bbox 765 598 807 668; baseline 0 0"><span class='ocrx_word' id='word_1_1' title='bbox 765 598 807 668; x_wconf 82' lang='lat'>85</span> 
     </span>
    </p>
   </div>
   <div class='ocr_carea' id='block_1_2' title="bbox 225 803 1347 1138">
    <p class='ocr_par' dir='ltr' id='par_1_2' title="bbox 225 803 1347 1138">
     <span class='ocr_line' id='line_1_2' title="bbox 315 803 1067 877; baseline 0 -15"><span class='ocrx_word' id='word_1_2' title='bbox 315 803 495 877; x_wconf 82' lang='lat' dir='ltr'>Iqaothmst</span> <span class='ocrx_word' id='word_1_3' title='bbox 515 803 669 862; x_wconf 78' lang='lat' dir='ltr'>Helenae:</span> <span class='ocrx_word' id='word_1_4' title='bbox 693 803 799 862; x_wconf 84' lang='lat' dir='ltr'>iuncta</span> <span class='ocrx_word' id='word_1_5' title='bbox 820 804 957 863; x_wconf 80' lang='lat' dir='ltr'>Menelao</span> <span class='ocrx_word' id='word_1_6' title='bbox 979 805 1067 863; x_wconf 88' lang='lat' dir='ltr'>redit.</span> 
     </span>
     <span class='ocr_line' id='line_1_3' title="bbox 269 909 1347 1001; baseline 0.002 -15"><span class='ocrx_word' id='word_1_7' title='bbox 269 909 416 999; x_wconf 84' lang='lat' dir='ltr'>Ignotum</span> <span class='ocrx_word' id='word_1_8' title='bbox 446 929 494 986; x_wconf 91' lang='lat' dir='ltr'>est</span> <span class='ocrx_word' id='word_1_9' title='bbox 520 928 658 986; x_wconf 81' lang='lat' dir='ltr'>Helenae</span> <span class='ocrx_word' id='word_1_10' title='bbox 685 943 745 1000; x_wconf 92' lang='lat' dir='ltr'>quo</span> <span class='ocrx_word' id='word_1_11' title='bbox 775 930 840 988; x_wconf 88' lang='lat' dir='ltr'>iure</span> <span class='ocrx_word' id='word_1_12' title='bbox 870 931 999 989; x_wconf 87' lang='lat' dir='ltr'>utantur</span> <span class='ocrx_word' id='word_1_13' title='bbox 1026 945 1116 1001; x_wconf 79' lang='lat' dir='ltr'>reges</span> <span class='ocrx_word' id='word_1_14' title='bbox 1144 929 1177 988; x_wconf 88' lang='lat' dir='ltr'>in</span> <span class='ocrx_word' id='word_1_15' title='bbox 1201 913 1347 1000; x_wconf 81' lang='lat' dir='ltr'>coniuges</span> 
     </span>
     <span class='ocr_line' id='line_1_4' title="bbox 225 1015 1345 1138; baseline 0.003 -28"><span class='ocrx_word' id='word_1_16' title='bbox 225 1068 306 1111; x_wconf 87' lang='lat' dir='ltr'>suas.</span> <span class='ocrx_word' id='word_1_17' title='bbox 339 1053 526 1122; x_wconf 77' lang='lat' dir='ltr'>Aegisthum</span> <span class='ocrx_word' id='word_1_18' title='bbox 556 1052 641 1110; x_wconf 86' lang='lat' dir='ltr'>enim</span> <span class='ocrx_word' id='word_1_19' title='bbox 667 1052 806 1110; x_wconf 84' lang='lat' dir='ltr'>refellere</span> <span class='ocrx_word' id='word_1_20' title='bbox 833 1055 962 1138; x_wconf 86' lang='lat' dir='ltr'>conatur</span> <span class='ocrx_word' id='word_1_21' title='bbox 984 1015 1200 1126; x_wconf 76' lang='lat' dir='ltr'>Clytemestra,</span> <span class='ocrx_word' id='word_1_22' title='bbox 1225 1055 1276 1127; x_wconf 93' lang='lat' dir='ltr'>qui</span> <span class='ocrx_word' id='word_1_23' title='bbox 1298 1071 1345 1113; x_wconf 90' lang='lat' dir='ltr'>vs.</span> 
     </span>
    </p>
   </div>
   <div class='ocr_carea' id='block_1_3' title="bbox 227 1177 1223 1252">
    <p class='ocr_par' dir='ltr' id='par_1_3' title="bbox 227 1177 1223 1252">
     <span class='ocr_line' id='line_1_5' title="bbox 227 1177 1223 1252; baseline 0.002 -17"><span class='ocrx_word' id='word_1_24' title='bbox 227 1177 289 1235; x_wconf 72' lang='lat' dir='ltr'>aio</span> <span class='ocrx_word' id='word_1_25' title='bbox 314 1177 392 1236; x_wconf 76' lang='lat' dir='ltr'>dixit</span> <span class='ocrx_word' id='word_1_26' title='bbox 415 1178 452 1236; x_wconf 81' lang='lat' dir='ltr'>do</span> <span class='ocrx_word' id='word_1_27' title='bbox 474 1177 609 1248; x_wconf 81' lang='lat' dir='ltr'>regibus:</span> <span class='ocrx_word' id='word_1_28' title='bbox 630 1177 718 1236; x_wconf 82' lang='lat' dir='ltr'>hobis</span> <span class='ocrx_word' id='word_1_29' title='bbox 734 1178 869 1252; x_wconf 66' lang='lat' dir='ltr'>neutiqua</span> <span class='ocrx_word' id='word_1_30' title='bbox 890 1178 1014 1252; x_wconf 75' lang='lat' dir='ltr'>iudices,</span> <span class='ocrx_word' id='word_1_31' title='bbox 1038 1180 1132 1252; x_wconf 77' lang='lat' dir='ltr'>aequi</span> <span class='ocrx_word' id='word_1_32' title='bbox 1153 1179 1223 1238; x_wconf 83' lang='lat' dir='ltr'>eibi.</span> 
     </span>
    </p>
   </div>
   <div class='ocr_carea' id='block_1_4' title="bbox 599 1464 958 1536">
    <p class='ocr_par' dir='ltr' id='par_1_4' title="bbox 599 1464 958 1536">
     <span class='ocr_line' id='line_1_6' title="bbox 599 1464 958 1536; baseline -0.006 -13"><span class='ocrx_word' id='word_1_33' title='bbox 599 1465 689 1523; x_wconf 86' lang='lat' dir='ltr'>Herc.</span> <span class='ocrx_word' id='word_1_34' title='bbox 714 1464 780 1524; x_wconf 88' lang='lat' dir='ltr'>Oet.</span> <span class='ocrx_word' id='word_1_35' title='bbox 806 1465 868 1523; x_wconf 79' lang='lat'>725</span> <span class='ocrx_word' id='word_1_36' title='bbox 892 1478 958 1536; x_wconf 89' lang='lat' dir='ltr'>sqq.</span> 
     </span>
    </p>
   </div>
   <div class='ocr_carea' id='block_1_5' title="bbox 155 1624 1377 4190">
    <p class='ocr_par' dir='ltr' id='par_1_5' title="bbox 360 1624 1039 1697">
     <span class='ocr_line' id='line_1_7' title="bbox 360 1624 1039 1697; baseline -0.004 -12"><span class='ocrx_word' id='word_1_37' title='bbox 360 1626 475 1685; x_wconf 87' lang='lat' dir='ltr'>Medios</span> <span class='ocrx_word' id='word_1_38' title='bbox 496 1626 528 1684; x_wconf 90' lang='lat' dir='ltr'>in</span> <span class='ocrx_word' id='word_1_39' title='bbox 551 1627 640 1697; x_wconf 83' lang='lat' dir='ltr'>ignes</span> <span class='ocrx_word' id='word_1_40' title='bbox 661 1625 736 1685; x_wconf 93' lang='lat' dir='ltr'>solis</span> <span class='ocrx_word' id='word_1_41' title='bbox 757 1625 908 1684; x_wconf 86' lang='lat' dir='ltr'>eieceram</span> <span class='ocrx_word' id='word_1_42' title='bbox 930 1624 1039 1697; x_wconf 80' lang='lat' dir='ltr'>farem,</span> 
     </span>
    </p>

    <p class='ocr_par' dir='ltr' id='par_1_6' title="bbox 360 1748 1063 1823">
     <span class='ocr_line' id='line_1_8' title="bbox 360 1748 1063 1823; baseline -0.003 -15"><span class='ocrx_word' id='word_1_43' title='bbox 360 1765 423 1822; x_wconf 93' lang='lat' dir='ltr'>quo</span> <span class='ocrx_word' id='word_1_44' title='bbox 445 1751 544 1809; x_wconf 85' lang='lat' dir='ltr'>tincta</span> <span class='ocrx_word' id='word_1_45' title='bbox 565 1751 666 1809; x_wconf 86' lang='lat' dir='ltr'>iuerat</span> <span class='ocrx_word' id='word_1_46' title='bbox 687 1749 770 1823; x_wconf 82' lang='lat' dir='ltr'>palla</span> <span class='ocrx_word' id='word_1_47' title='bbox 792 1749 947 1822; x_wconf 83' lang='lat' dir='ltr'>vestisque</span> <span class='ocrx_word' id='word_1_48' title='bbox 965 1748 1063 1808; x_wconf 87' lang='lat' dir='ltr'>illita:</span> 
     </span>
    </p>

    <p class='ocr_par' dir='ltr' id='par_1_7' title="bbox 361 1873 1290 2071">
     <span class='ocr_line' id='line_1_9' title="bbox 362 1873 1110 1945; baseline -0.003 -13"><span class='ocrx_word' id='word_1_49' title='bbox 362 1874 498 1932; x_wconf 87' lang='lat' dir='ltr'>abiectus</span> <span class='ocrx_word' id='word_1_50' title='bbox 520 1875 625 1932; x_wconf 87' lang='lat' dir='ltr'>horret</span> <span class='ocrx_word' id='word_1_51' title='bbox 648 1874 774 1945; x_wconf 82' lang='lat' dir='ltr'>sanguis</span> <span class='ocrx_word' id='word_1_52' title='bbox 796 1875 829 1932; x_wconf 90' lang='lat' dir='ltr'>et</span> <span class='ocrx_word' id='word_1_53' title='bbox 851 1873 963 1932; x_wconf 86' lang='lat' dir='ltr'>Phoebi</span> <span class='ocrx_word' id='word_1_54' title='bbox 986 1888 1110 1932; x_wconf 86' lang='lat' dir='ltr'>comam</span> 
     </span>
     <span class='ocr_line' id='line_1_10' title="bbox 361 1997 1290 2071; baseline 0.001 -15"><span class='ocrx_word' id='word_1_55' title='bbox 361 1999 532 2070; x_wconf 77' lang='lat' dir='ltr'>tepefactus</span> <span class='ocrx_word' id='word_1_56' title='bbox 553 2000 645 2058; x_wconf 81' lang='lat' dir='ltr'>astris</span> <span class='ocrx_word' id='word_1_57' title='bbox 669 2000 723 2057; x_wconf 82' lang='lat' dir='ltr'>vix</span> <span class='ocrx_word' id='word_1_58' title='bbox 745 2013 864 2071; x_wconf 91' lang='lat' dir='ltr'>quoque</span> <span class='ocrx_word' id='word_1_59' title='bbox 886 2000 934 2057; x_wconf 85' lang='lat' dir='ltr'>est</span> <span class='ocrx_word' id='word_1_60' title='bbox 956 1999 1134 2056; x_wconf 87' lang='lat' dir='ltr'>monstrum</span> <span class='ocrx_word' id='word_1_61' title='bbox 1156 1997 1290 2070; x_wconf 86' lang='lat' dir='ltr'>eloquor.</span> 
     </span>
    </p>

    <p class='ocr_par' dir='ltr' id='par_1_8' title="bbox 228 2122 1346 2316">
     <span class='ocr_line' id='line_1_11' title="bbox 271 2122 1346 2197; baseline 0.002 -17"><span class='ocrx_word' id='word_1_62' title='bbox 271 2123 330 2181; x_wconf 89' lang='lat' dir='ltr'>Hie</span> <span class='ocrx_word' id='word_1_63' title='bbox 364 2122 449 2182; x_wconf 87' lang='lat' dir='ltr'>loeus</span> <span class='ocrx_word' id='word_1_64' title='bbox 478 2125 563 2183; x_wconf 89' lang='lat' dir='ltr'>omni</span> <span class='ocrx_word' id='word_1_65' title='bbox 585 2141 678 2184; x_wconf 91' lang='lat' dir='ltr'>sensu</span> <span class='ocrx_word' id='word_1_66' title='bbox 701 2126 793 2184; x_wconf 86' lang='lat' dir='ltr'>earet.</span> <span class='ocrx_word' id='word_1_67' title='bbox 818 2125 879 2183; x_wconf 88' lang='lat' dir='ltr'>Leo</span> <span class='ocrx_word' id='word_1_68' title='bbox 903 2125 1023 2183; x_wconf 81' lang='lat' dir='ltr'>collatis</span> <span class='ocrx_word' id='word_1_69' title='bbox 1039 2125 1131 2197; x_wconf 82' lang='lat' dir='ltr'>Soph.</span> <span class='ocrx_word' id='word_1_70' title='bbox 1152 2125 1261 2183; x_wconf 81' lang='lat' dir='ltr'>Trach.</span> <span class='ocrx_word' id='word_1_71' title='bbox 1283 2125 1346 2183; x_wconf 78' lang='lat'>672</span> 
     </span>
     <span class='ocr_line' id='line_1_12' title="bbox 228 2246 780 2316; baseline 0.013 -15"><span class='ocrx_word' id='word_1_72' title='bbox 228 2259 292 2316; x_wconf 91' lang='lat' dir='ltr'>sqq.</span> <span class='ocrx_word' id='word_1_73' title='bbox 317 2246 349 2304; x_wconf 90' lang='lat' dir='ltr'>et</span> <span class='ocrx_word' id='word_1_74' title='bbox 370 2246 450 2306; x_wconf 85' lang='lat' dir='ltr'>inira</span> <span class='ocrx_word' id='word_1_75' title='bbox 472 2264 518 2308; x_wconf 88' lang='lat' dir='ltr'>vs.</span> <span class='ocrx_word' id='word_1_76' title='bbox 545 2250 607 2308; x_wconf 79' lang='lat'>732</span> <span class='ocrx_word' id='word_1_77' title='bbox 631 2250 780 2309; x_wconf 83' lang='lat' dir='ltr'>coniecit:</span> 
     </span>
    </p>

    <p class='ocr_par' dir='ltr' id='par_1_9' title="bbox 362 2345 1025 2445">
     <span class='ocr_line' id='line_1_13' title="bbox 362 2345 1025 2445; baseline 0.003 -16"><span class='ocrx_word' id='word_1_78' title='bbox 362 2345 480 2430; x_wconf 84' lang='lat' dir='ltr'>medios</span> <span class='ocrx_word' id='word_1_79' title='bbox 502 2374 534 2431; x_wconf 92' lang='lat' dir='ltr'>in</span> <span class='ocrx_word' id='word_1_80' title='bbox 557 2374 645 2445; x_wconf 88' lang='lat' dir='ltr'>ignes</span> <span class='ocrx_word' id='word_1_81' title='bbox 668 2374 767 2434; x_wconf 90' lang='lat' dir='ltr'>vellus</span> <span class='ocrx_word' id='word_1_82' title='bbox 789 2374 863 2432; x_wconf 83' lang='lat' dir='ltr'>eieci</span> <span class='ocrx_word' id='word_1_83' title='bbox 885 2374 1025 2432; x_wconf 86' lang='lat' dir='ltr'>madens.</span> 
     </span>
    </p>

    <p class='ocr_par' dir='ltr' id='par_1_10' title="bbox 228 2497 1377 2945">
     <span class='ocr_line' id='line_1_14' title="bbox 274 2497 1377 2572; baseline 0.003 -18"><span class='ocrx_word' id='word_1_84' title='bbox 274 2497 401 2555; x_wconf 84' lang='lat' dir='ltr'>Leviore</span> <span class='ocrx_word' id='word_1_85' title='bbox 424 2498 532 2556; x_wconf 87' lang='lat' dir='ltr'>tamen</span> <span class='ocrx_word' id='word_1_86' title='bbox 554 2499 770 2557; x_wconf 85' lang='lat' dir='ltr'>emendatione</span> <span class='ocrx_word' id='word_1_87' title='bbox 792 2499 842 2557; x_wconf 89' lang='lat' dir='ltr'>hio</span> <span class='ocrx_word' id='word_1_88' title='bbox 865 2514 973 2557; x_wconf 88' lang='lat' dir='ltr'>versus</span> <span class='ocrx_word' id='word_1_89' title='bbox 994 2498 1098 2557; x_wconf 86' lang='lat' dir='ltr'>sanari</span> <span class='ocrx_word' id='word_1_90' title='bbox 1119 2498 1232 2572; x_wconf 87' lang='lat' dir='ltr'>potest,</span> <span class='ocrx_word' id='word_1_91' title='bbox 1256 2498 1282 2556; x_wconf 92' lang='lat' dir='ltr'>si</span> <span class='ocrx_word' id='word_1_92' title='bbox 1293 2512 1348 2571; x_wconf 87' lang='lat' dir='ltr'>pro</span> <span class='ocrx_word' id='word_1_93' title='bbox 1374 2510 1377 2515; x_wconf 88' lang='grc'><em>·</em></span> 
     </span>
     <span class='ocr_line' id='line_1_15' title="bbox 229 2619 1348 2714; baseline 0.003 -37"><span class='ocrx_word' id='word_1_94' title='bbox 229 2619 330 2693; x_wconf 78' lang='lat' dir='ltr'>furem</span> <span class='ocrx_word' id='word_1_95' title='bbox 352 2621 492 2679; x_wconf 83' lang='lat' dir='ltr'>scribitur</span> <span class='ocrx_word' id='word_1_96' title='bbox 515 2622 639 2694; x_wconf 58' lang='lat' dir='ltr'>tabum</span> <span class='ocrx_word' id='word_1_97' title='bbox 661 2625 741 2695; x_wconf 89' lang='lat' dir='ltr'>quod</span> <span class='ocrx_word' id='word_1_98' title='bbox 763 2623 789 2681; x_wconf 91' lang='lat' dir='ltr'>si</span> <span class='ocrx_word' id='word_1_99' title='bbox 811 2623 930 2681; x_wconf 83' lang='lat' dir='ltr'>factum</span> <span class='ocrx_word' id='word_1_100' title='bbox 948 2623 1015 2695; x_wconf 85' lang='lat' dir='ltr'>erit,</span> <span class='ocrx_word' id='word_1_101' title='bbox 1039 2623 1134 2714; x_wconf 80' lang='lat' dir='ltr'>etiam</span> <span class='ocrx_word' id='word_1_102' title='bbox 1158 2623 1348 2697; x_wconf 80' lang='lat' dir='ltr'>verbaquae</span> 
     </span>
     <span class='ocr_line' id='line_1_16' title="bbox 229 2746 1348 2822; baseline 0.004 -21"><span class='ocrx_word' id='word_1_103' title='bbox 229 2747 399 2816; x_wconf 84' lang='lat' dir='ltr'>sequuntur</span> <span class='ocrx_word' id='word_1_104' title='bbox 421 2762 482 2820; x_wconf 82' lang='lat' dir='ltr'>quo</span> <span class='ocrx_word' id='word_1_105' title='bbox 500 2748 594 2806; x_wconf 74' lang='lat' dir='ltr'>tractu</span> <span class='ocrx_word' id='word_1_106' title='bbox 620 2747 727 2821; x_wconf 82' lang='lat' dir='ltr'>fuerat</span> <span class='ocrx_word' id='word_1_107' title='bbox 743 2747 846 2822; x_wconf 77' lang='lat' dir='ltr'>palla,</span> <span class='ocrx_word' id='word_1_108' title='bbox 869 2762 996 2806; x_wconf 90' lang='lat' dir='ltr'>sensum</span> <span class='ocrx_word' id='word_1_109' title='bbox 1008 2747 1165 2820; x_wconf 74' lang='lat' dir='ltr'>recipient.</span> <span class='ocrx_word' id='word_1_110' title='bbox 1190 2746 1234 2806; x_wconf 91' lang='lat' dir='ltr'>Ut</span> <span class='ocrx_word' id='word_1_111' title='bbox 1247 2746 1348 2806; x_wconf 80' lang='lat' dir='ltr'>tabem</span> 
     </span>
     <span class='ocr_line' id='line_1_17' title="bbox 228 2869 1156 2945; baseline 0.006 -20"><span class='ocrx_word' id='word_1_112' title='bbox 228 2869 273 2926; x_wconf 86' lang='lat' dir='ltr'>ita</span> <span class='ocrx_word' id='word_1_113' title='bbox 297 2869 405 2928; x_wconf 77' lang='lat' dir='ltr'>labiim</span> <span class='ocrx_word' id='word_1_114' title='bbox 427 2871 459 2928; x_wconf 90' lang='lat' dir='ltr'>in</span> <span class='ocrx_word' id='word_1_115' title='bbox 482 2871 647 2942; x_wconf 84' lang='lat' dir='ltr'>tragoediis</span> <span class='ocrx_word' id='word_1_116' title='bbox 668 2873 809 2945; x_wconf 88' lang='lat' dir='ltr'>usurpari</span> <span class='ocrx_word' id='word_1_117' title='bbox 831 2872 976 2945; x_wconf 88' lang='lat' dir='ltr'>probatur</span> <span class='ocrx_word' id='word_1_118' title='bbox 999 2887 1045 2930; x_wconf 91' lang='lat' dir='ltr'>vs.</span> <span class='ocrx_word' id='word_1_119' title='bbox 1071 2873 1156 2931; x_wconf 81' lang='lat'>520:</span> 
     </span>
    </p>

    <p class='ocr_par' dir='ltr' id='par_1_11' title="bbox 365 2994 1048 3068">
     <span class='ocr_line' id='line_1_18' title="bbox 365 2994 1048 3068; baseline 0.003 -17"><span class='ocrx_word' id='word_1_120' title='bbox 365 2994 472 3052; x_wconf 69' lang='lat' dir='ltr'>labrem</span> <span class='ocrx_word' id='word_1_121' title='bbox 494 2995 610 3055; x_wconf 84' lang='lat' dir='ltr'>fluente</span> <span class='ocrx_word' id='word_1_122' title='bbox 632 2995 770 3054; x_wconf 87' lang='lat' dir='ltr'>vulneris</span> <span class='ocrx_word' id='word_1_123' title='bbox 792 2995 904 3054; x_wconf 83' lang='lat' dir='ltr'>dextra</span> <span class='ocrx_word' id='word_1_124' title='bbox 925 2995 1048 3068; x_wconf 79' lang='lat' dir='ltr'>exeipit.</span> 
     </span>
    </p>

    <p class='ocr_par' dir='ltr' id='par_1_12' title="bbox 155 3099 1353 3816">
     <span class='ocr_line' id='line_1_19' title="bbox 177 3099 1350 3194; baseline 0.003 -21"><span class='ocrx_word' id='word_1_125' title='bbox 177 3099 180 3106; x_wconf 70' lang='grc'><strong>’</strong></span> <span class='ocrx_word' id='word_1_126' title='bbox 259 3116 375 3175; x_wconf 81' lang='lat' dir='ltr'>.V&#39;erba</span> <span class='ocrx_word' id='word_1_127' title='bbox 386 3132 506 3190; x_wconf 91' lang='lat' dir='ltr'>quoque</span> <span class='ocrx_word' id='word_1_128' title='bbox 517 3119 666 3194; x_wconf 80' lang='lat' dir='ltr'>vestisque</span> <span class='ocrx_word' id='word_1_129' title='bbox 676 3099 759 3179; x_wconf 71' lang='lat' dir='ltr'>iiiia</span> <span class='ocrx_word' id='word_1_130' title='bbox 775 3121 852 3179; x_wconf 90' lang='lat' dir='ltr'>mihi</span> <span class='ocrx_word' id='word_1_131' title='bbox 863 3122 937 3179; x_wconf 91' lang='lat' dir='ltr'>sunt</span> <span class='ocrx_word' id='word_1_132' title='bbox 947 3121 1098 3194; x_wconf 82' lang='lat' dir='ltr'>suspecta,</span> <span class='ocrx_word' id='word_1_133' title='bbox 1111 3134 1208 3191; x_wconf 89' lang='lat' dir='ltr'>quum</span> <span class='ocrx_word' id='word_1_134' title='bbox 1219 3118 1256 3176; x_wconf 92' lang='lat' dir='ltr'>iis</span> <span class='ocrx_word' id='word_1_135' title='bbox 1266 3117 1350 3177; x_wconf 86' lang='lat' dir='ltr'>idem</span> 
     </span>
     <span class='ocr_line' id='line_1_20' title="bbox 231 3239 1348 3315; baseline 0.004 -19"><span class='ocrx_word' id='word_1_136' title='bbox 231 3239 357 3314; x_wconf 75' lang='lat' dir='ltr'>dicatur,</span> <span class='ocrx_word' id='word_1_137' title='bbox 382 3244 463 3314; x_wconf 89' lang='lat' dir='ltr'>quod</span> <span class='ocrx_word' id='word_1_138' title='bbox 485 3244 517 3301; x_wconf 90' lang='lat' dir='ltr'>in</span> <span class='ocrx_word' id='word_1_139' title='bbox 540 3243 627 3302; x_wconf 87' lang='lat' dir='ltr'>initio</span> <span class='ocrx_word' id='word_1_140' title='bbox 649 3244 741 3302; x_wconf 90' lang='lat' dir='ltr'>huius</span> <span class='ocrx_word' id='word_1_141' title='bbox 759 3259 878 3304; x_wconf 86' lang='lat' dir='ltr'>versus.</span> <span class='ocrx_word' id='word_1_142' title='bbox 891 3243 992 3303; x_wconf 71' lang='lat' dir='ltr'>Scribe</span> <span class='ocrx_word' id='word_1_143' title='bbox 1003 3242 1096 3314; x_wconf 83' lang='lat' dir='ltr'>igitur</span> <span class='ocrx_word' id='word_1_144' title='bbox 1107 3241 1212 3300; x_wconf 78' lang='lat' dir='ltr'>velleri</span> <span class='ocrx_word' id='word_1_145' title='bbox 1222 3241 1348 3315; x_wconf 79' lang='lat' dir='ltr'>illitam,</span> 
     </span>
     <span class='ocr_line' id='line_1_21' title="bbox 231 3365 1349 3442; baseline 0 -20"><span class='ocrx_word' id='word_1_146' title='bbox 231 3379 291 3435; x_wconf 89' lang='lat' dir='ltr'>qua</span> <span class='ocrx_word' id='word_1_147' title='bbox 320 3366 537 3428; x_wconf 86' lang='lat' dir='ltr'>emendatione</span> <span class='ocrx_word' id='word_1_148' title='bbox 566 3369 738 3442; x_wconf 79' lang='lat' dir='ltr'>explicatur</span> <span class='ocrx_word' id='word_1_149' title='bbox 761 3385 807 3428; x_wconf 90' lang='lat' dir='ltr'>vs.</span> <span class='ocrx_word' id='word_1_150' title='bbox 833 3371 896 3428; x_wconf 76' lang='lat'>735</span> <span class='ocrx_word' id='word_1_151' title='bbox 919 3369 963 3428; x_wconf 81' lang='lat' dir='ltr'>eir</span> <span class='ocrx_word' id='word_1_152' title='bbox 986 3367 1112 3441; x_wconf 66' lang='lat' dir='ltr'>tanqua</span> <span class='ocrx_word' id='word_1_153' title='bbox 1134 3381 1223 3425; x_wconf 83' lang='lat' dir='ltr'>omae</span> <span class='ocrx_word' id='word_1_154' title='bbox 1244 3365 1349 3424; x_wconf 82' lang='lat' dir='ltr'>uellus.</span> 
     </span>
     <span class='ocr_line' id='line_1_22' title="bbox 231 3489 1353 3567; baseline -0.001 -19"><span class='ocrx_word' id='word_1_155' title='bbox 231 3492 368 3564; x_wconf 90' lang='lat' dir='ltr'>Denique</span> <span class='ocrx_word' id='word_1_156' title='bbox 401 3509 473 3553; x_wconf 88' lang='lat' dir='ltr'>cum</span> <span class='ocrx_word' id='word_1_157' title='bbox 497 3514 512 3562; x_wconf 81' lang='grc' dir='ltr'><strong><em>ς</em></strong></span> <span class='ocrx_word' id='word_1_158' title='bbox 534 3511 644 3555; x_wconf 80' lang='lat' dir='ltr'>censeo</span> <span class='ocrx_word' id='word_1_159' title='bbox 666 3495 834 3567; x_wconf 85' lang='lat' dir='ltr'>legendum</span> <span class='ocrx_word' id='word_1_160' title='bbox 856 3493 973 3553; x_wconf 78' lang='lat' dir='ltr'>Phoebi</span> <span class='ocrx_word' id='word_1_161' title='bbox 994 3508 1091 3567; x_wconf 82' lang='lat' dir='ltr'>coma,</span> <span class='ocrx_word' id='word_1_162' title='bbox 1116 3506 1188 3550; x_wconf 88' lang='lat' dir='ltr'>cum</span> <span class='ocrx_word' id='word_1_163' title='bbox 1209 3490 1239 3551; x_wconf 87' lang='lat' dir='ltr'><strong><em>A</em></strong></span> <span class='ocrx_word' id='word_1_164' title='bbox 1263 3489 1353 3548; x_wconf 82' lang='lat' dir='ltr'>ardet</span> 
     </span>
     <span class='ocr_line' id='line_1_23' title="bbox 155 3618 757 3697; baseline 0.008 -24"><span class='ocrx_word' id='word_1_165' title='bbox 155 3692 157 3697; x_wconf 23' lang='grc' dir='ltr'>Ι</span> <span class='ocrx_word' id='word_1_166' title='bbox 231 3632 286 3688; x_wconf 86' lang='lat' dir='ltr'>pro</span> <span class='ocrx_word' id='word_1_167' title='bbox 308 3618 413 3691; x_wconf 79' lang='lat' dir='ltr'>astris,</span> <span class='ocrx_word' id='word_1_168' title='bbox 436 3619 481 3677; x_wconf 89' lang='lat' dir='ltr'>ita</span> <span class='ocrx_word' id='word_1_169' title='bbox 503 3621 539 3678; x_wconf 92' lang='lat' dir='ltr'>ut</span> <span class='ocrx_word' id='word_1_170' title='bbox 559 3620 757 3679; x_wconf 87' lang='lat' dir='ltr'>restituatur:</span> 
     </span>
     <span class='ocr_line' id='line_1_24' title="bbox 299 3741 1048 3816; baseline -0.001 -16"><span class='ocrx_word' id='word_1_171' title='bbox 299 3757 301 3761; x_wconf 71' lang='grc'>’</span> <span class='ocrx_word' id='word_1_172' title='bbox 365 3743 483 3802; x_wconf 87' lang='lat' dir='ltr'>medios</span> <span class='ocrx_word' id='word_1_173' title='bbox 505 3744 537 3802; x_wconf 91' lang='lat' dir='ltr'>in</span> <span class='ocrx_word' id='word_1_174' title='bbox 560 3744 648 3816; x_wconf 84' lang='lat' dir='ltr'>ignes</span> <span class='ocrx_word' id='word_1_175' title='bbox 670 3745 744 3802; x_wconf 80' lang='lat' dir='ltr'>solis</span> <span class='ocrx_word' id='word_1_176' title='bbox 766 3744 917 3802; x_wconf 82' lang='lat' dir='ltr'>eieceram</span> <span class='ocrx_word' id='word_1_177' title='bbox 941 3741 1048 3801; x_wconf 68' lang='lat' dir='ltr'>tobiam</span> 
     </span>
    </p>

    <p class='ocr_par' dir='ltr' id='par_1_13' title="bbox 365 3848 1112 3958">
     <span class='ocr_line' id='line_1_25' title="bbox 365 3848 1112 3958; baseline -0.001 -34"><span class='ocrx_word' id='word_1_178' title='bbox 365 3882 425 3939; x_wconf 93' lang='lat' dir='ltr'>quo</span> <span class='ocrx_word' id='word_1_179' title='bbox 447 3867 545 3926; x_wconf 87' lang='lat' dir='ltr'>tineta</span> <span class='ocrx_word' id='word_1_180' title='bbox 566 3867 667 3926; x_wconf 85' lang='lat' dir='ltr'>iuerat</span> <span class='ocrx_word' id='word_1_181' title='bbox 689 3867 780 3940; x_wconf 83' lang='lat' dir='ltr'>palla,</span> <span class='ocrx_word' id='word_1_182' title='bbox 804 3865 908 3925; x_wconf 81' lang='lat' dir='ltr'>velleri</span> <span class='ocrx_word' id='word_1_183' title='bbox 929 3865 1075 3958; x_wconf 67' lang='lat' dir='ltr'>talliam·</span> <span class='ocrx_word' id='word_1_184' title='bbox 1109 3848 1112 3854; x_wconf 43' lang='lat'>¹</span> 
     </span>
    </p>

    <p class='ocr_par' dir='ltr' id='par_1_14' title="bbox 366 3990 1080 4062">
     <span class='ocr_line' id='line_1_26' title="bbox 366 3990 1080 4062; baseline -0.001 -13"><span class='ocrx_word' id='word_1_185' title='bbox 366 3991 502 4050; x_wconf 83' lang='lat' dir='ltr'>abiectus</span> <span class='ocrx_word' id='word_1_186' title='bbox 524 3992 629 4051; x_wconf 83' lang='lat' dir='ltr'>horret</span> <span class='ocrx_word' id='word_1_187' title='bbox 650 3993 777 4062; x_wconf 82' lang='lat' dir='ltr'>sanguis</span> <span class='ocrx_word' id='word_1_188' title='bbox 799 3993 832 4050; x_wconf 88' lang='lat' dir='ltr'>et</span> <span class='ocrx_word' id='word_1_189' title='bbox 853 3990 969 4050; x_wconf 80' lang='lat' dir='ltr'>Phoebi</span> <span class='ocrx_word' id='word_1_190' title='bbox 991 4005 1080 4049; x_wconf 78' lang='lat' dir='ltr'>como</span> 
     </span>
    </p>

    <p class='ocr_par' dir='ltr' id='par_1_15' title="bbox 365 4113 1291 4190">
     <span class='ocr_line' id='line_1_27' title="bbox 365 4113 1291 4190; baseline -0.003 -16"><span class='ocrx_word' id='word_1_191' title='bbox 365 4117 537 4190; x_wconf 80' lang='lat' dir='ltr'>tepefactus</span> <span class='ocrx_word' id='word_1_192' title='bbox 554 4116 651 4190; x_wconf 85' lang='lat' dir='ltr'>ardet,</span> <span class='ocrx_word' id='word_1_193' title='bbox 677 4119 805 4189; x_wconf 90' lang='lat' dir='ltr'>tumque</span> <span class='ocrx_word' id='word_1_194' title='bbox 828 4117 893 4186; x_wconf 85' lang='lat' dir='ltr'>(vix</span> <span class='ocrx_word' id='word_1_195' title='bbox 917 4117 1095 4174; x_wconf 87' lang='lat' dir='ltr'>monstrum</span> <span class='ocrx_word' id='word_1_196' title='bbox 1118 4113 1264 4186; x_wconf 83' lang='lat' dir='ltr'>eloquor),</span> <span class='ocrx_word' id='word_1_197' title='bbox 1289 4182 1291 4185; x_wconf 12' lang='lat' dir='ltr'>v</span> 
     </span>
    </p>
   </div>
   <div class='ocr_carea' id='block_1_6' title="bbox 144 4235 1357 4316">
    <p class='ocr_par' dir='ltr' id='par_1_16' title="bbox 144 4235 1357 4316">
     <span class='ocr_line' id='line_1_28' title="bbox 144 4235 1357 4316; baseline -0.005 -18"><span class='ocrx_word' id='word_1_198' title='bbox 144 4288 146 4292; x_wconf 95' lang='lat'>.</span> <span class='ocrx_word' id='word_1_199' title='bbox 232 4242 356 4313; x_wconf 80' lang='lat' dir='ltr'>recepta</span> <span class='ocrx_word' id='word_1_200' title='bbox 378 4241 489 4300; x_wconf 86' lang='lat' dir='ltr'>Leonis</span> <span class='ocrx_word' id='word_1_201' title='bbox 512 4243 699 4315; x_wconf 68' lang='lat' dir='ltr'>coniectura,</span> <span class='ocrx_word' id='word_1_202' title='bbox 723 4243 772 4316; x_wconf 89' lang='lat' dir='ltr'>qui</span> <span class='ocrx_word' id='word_1_203' title='bbox 797 4256 851 4316; x_wconf 92' lang='lat' dir='ltr'>pro</span> <span class='ocrx_word' id='word_1_204' title='bbox 874 4241 927 4299; x_wconf 76' lang='lat' dir='ltr'>ria</span> <span class='ocrx_word' id='word_1_205' title='bbox 950 4255 1070 4315; x_wconf 78' lang='lat' dir='ltr'>quoque</span> <span class='ocrx_word' id='word_1_206' title='bbox 1093 4241 1138 4298; x_wconf 82' lang='lat' dir='ltr'>est</span> <span class='ocrx_word' id='word_1_207' title='bbox 1155 4235 1357 4298; x_wconf 84' lang='lat' dir='ltr'>commendat</span> 
     </span>
    </p>
   </div>
   <div class='ocr_carea' id='block_1_7' title="bbox 129 4366 444 4444">
    <p class='ocr_par' dir='ltr' id='par_1_17' title="bbox 129 4366 444 4444">
     <span class='ocr_line' id='line_1_29' title="bbox 129 4366 444 4444; baseline -0.003 -16"><span class='ocrx_word' id='word_1_208' title='bbox 129 4398 135 4405; x_wconf 83' lang='lat'><strong>·</strong></span> <span class='ocrx_word' id='word_1_209' title='bbox 236 4369 362 4444; x_wconf 79' lang='lat' dir='ltr'>iamque</span> <span class='ocrx_word' id='word_1_210' title='bbox 384 4366 444 4427; x_wconf 76' lang='lat' dir='ltr'>oia.</span> 
     </span>
    </p>
   </div>
   <div class='ocr_carea' id='block_1_8' title="bbox 0 0 1593 5356">
    <p class='ocr_par' dir='ltr' id='par_1_18' title="bbox 0 0 1593 5356">
     <span class='ocr_line' id='line_1_30' title="bbox 0 0 1593 5356; baseline 0 0"><span class='ocrx_word' id='word_1_211' title='bbox 0 0 1593 5356; x_wconf 95' lang='lat' dir='ltr'> </span> 
     </span>
    </p>
   </div>
  </div>
 </body>
</html>
