<?xml version="1.0" encoding="UTF-8"?>
<!DOCTYPE html PUBLIC "-//W3C//DTD XHTML 1.0 Transitional//EN"
    "http://www.w3.org/TR/xhtml1/DTD/xhtml1-transitional.dtd">
<html xmlns="http://www.w3.org/1999/xhtml" xml:lang="en" lang="en">
 <head>
  <title>
</title>
<meta http-equiv="Content-Type" content="text/html;charset=utf-8" />
  <meta name='ocr-system' content='tesseract 3.04.00' />
  <meta name='ocr-capabilities' content='ocr_page ocr_carea ocr_par ocr_line ocrx_word'/>
</head>
<body>
  <div class='ocr_page' id='page_1' title='image "./deauctoretragoe00romegoog_0095.png"; bbox 0 0 3150 5356; ppageno 0'>
   <div class='ocr_carea' id='block_1_1' title="bbox 815 590 857 659">
    <p class='ocr_par' dir='ltr' id='par_1_1' title="bbox 815 590 857 659">
     <span class='ocr_line' id='line_1_1' title="bbox 815 590 857 659; baseline -0.024 0"><span class='ocrx_word' id='word_1_1' title='bbox 815 590 857 659; x_wconf 66' lang='grc'><strong>81</strong></span> 
     </span>
    </p>
   </div>
   <div class='ocr_carea' id='block_1_2' title="bbox 276 752 1396 993">
    <p class='ocr_par' dir='ltr' id='par_1_2' title="bbox 276 752 1396 993">
     <span class='ocr_line' id='line_1_2' title="bbox 276 752 1396 868; baseline 0.003 -14"><span class='ocrx_word' id='word_1_2' title='bbox 276 786 313 854; x_wconf 86' lang='lat' dir='ltr'>In</span> <span class='ocrx_word' id='word_1_3' title='bbox 335 794 413 855; x_wconf 78' lang='lat' dir='ltr'>eiere</span> <span class='ocrx_word' id='word_1_4' title='bbox 441 810 458 854; x_wconf 80' lang='lat' dir='ltr'>a</span> <span class='ocrx_word' id='word_1_5' title='bbox 476 811 529 868; x_wconf 86' lang='lat' dir='ltr'>per</span> <span class='ocrx_word' id='word_1_6' title='bbox 547 796 789 868; x_wconf 80' lang='lat' dir='ltr'>‹littograpbiam</span> <span class='ocrx_word' id='word_1_7' title='bbox 813 795 934 852; x_wconf 73' lang='lat' dir='ltr'>iidetm</span> <span class='ocrx_word' id='word_1_8' title='bbox 955 752 1038 852; x_wconf 59' lang='lat' dir='ltr'>orta</span> <span class='ocrx_word' id='word_1_9' title='bbox 1047 812 1089 854; x_wconf 79' lang='lat' dir='ltr'>ex</span> <span class='ocrx_word' id='word_1_10' title='bbox 1107 795 1220 855; x_wconf 86' lang='lat' dir='ltr'>ultima</span> <span class='ocrx_word' id='word_1_11' title='bbox 1241 793 1347 857; x_wconf 84' lang='lat' dir='ltr'>littera</span> <span class='ocrx_word' id='word_1_12' title='bbox 1366 813 1396 856; x_wconf 83' lang='lat' dir='ltr'>v.</span> 
     </span>
     <span class='ocr_line' id='line_1_3' title="bbox 279 920 453 993; baseline -0.017 -14"><span class='ocrx_word' id='word_1_13' title='bbox 279 920 453 993; x_wconf 80' lang='lat' dir='ltr'>,ammuo&#39;’.</span> 
     </span>
    </p>
   </div>
   <div class='ocr_carea' id='block_1_3' title="bbox 192 1043 1398 1120">
    <p class='ocr_par' dir='ltr' id='par_1_3' title="bbox 192 1043 1398 1120">
     <span class='ocr_line' id='line_1_4' title="bbox 192 1043 1398 1120; baseline 0.004 -19"><span class='ocrx_word' id='word_1_14' title='bbox 192 1080 198 1089; x_wconf 87' lang='lat'>-</span> <span class='ocrx_word' id='word_1_15' title='bbox 320 1043 468 1102; x_wconf 78' lang='lat' dir='ltr'>Graviore</span> <span class='ocrx_word' id='word_1_16' title='bbox 490 1045 604 1102; x_wconf 88' lang='lat' dir='ltr'>mendo</span> <span class='ocrx_word' id='word_1_17' title='bbox 625 1045 745 1103; x_wconf 84' lang='lat' dir='ltr'>laborat</span> <span class='ocrx_word' id='word_1_18' title='bbox 767 1060 875 1103; x_wconf 82' lang='lat' dir='ltr'>versus</span> <span class='ocrx_word' id='word_1_19' title='bbox 898 1047 980 1116; x_wconf 48' lang='lat'>63&amp;</span> <span class='ocrx_word' id='word_1_20' title='bbox 1004 1048 1160 1104; x_wconf 87' lang='lat' dir='ltr'>sententia</span> <span class='ocrx_word' id='word_1_21' title='bbox 1173 1049 1259 1105; x_wconf 90' lang='lat' dir='ltr'>enim</span> <span class='ocrx_word' id='word_1_22' title='bbox 1270 1050 1398 1120; x_wconf 83' lang='lat' dir='ltr'>requirit</span> 
     </span>
    </p>
   </div>
   <div class='ocr_carea' id='block_1_4' title="bbox 275 1169 1400 1615">
    <p class='ocr_par' dir='ltr' id='par_1_4' title="bbox 275 1169 1400 1615">
     <span class='ocr_line' id='line_1_5' title="bbox 277 1169 1396 1245; baseline 0.004 -19"><span class='ocrx_word' id='word_1_23' title='bbox 277 1172 312 1227; x_wconf 88' lang='lat' dir='ltr'>ut</span> <span class='ocrx_word' id='word_1_24' title='bbox 335 1169 553 1228; x_wconf 77' lang='lat' dir='ltr'><strong>Andromache</strong></span> <span class='ocrx_word' id='word_1_25' title='bbox 575 1170 657 1228; x_wconf 84' lang='lat' dir='ltr'>dicat</span> <span class='ocrx_word' id='word_1_26' title='bbox 682 1187 800 1243; x_wconf 73' lang='lat' dir='ltr'>,oerore</span> <span class='ocrx_word' id='word_1_27' title='bbox 817 1187 880 1229; x_wconf 80' lang='lat' dir='ltr'>noa</span> <span class='ocrx_word' id='word_1_28' title='bbox 900 1171 1070 1244; x_wconf 81' lang='lat' dir='ltr'>timerem,”</span> <span class='ocrx_word' id='word_1_29' title='bbox 1086 1173 1190 1244; x_wconf 87' lang='lat' dir='ltr'>itaque</span> <span class='ocrx_word' id='word_1_30' title='bbox 1202 1173 1396 1245; x_wconf 79' lang='lat' dir='ltr'>commendo,</span> 
     </span>
     <span class='ocr_line' id='line_1_6' title="bbox 275 1293 1142 1366; baseline 0.002 -15"><span class='ocrx_word' id='word_1_31' title='bbox 275 1293 330 1351; x_wconf 87' lang='lat' dir='ltr'>sed</span> <span class='ocrx_word' id='word_1_32' title='bbox 351 1293 536 1366; x_wconf 70' lang='lat' dir='ltr'>dubitanter,</span> <span class='ocrx_word' id='word_1_33' title='bbox 555 1295 627 1366; x_wconf 87' lang='lat' dir='ltr'>quia</span> <span class='ocrx_word' id='word_1_34' title='bbox 648 1310 700 1352; x_wconf 75' lang='lat' dir='ltr'>rer</span> <span class='ocrx_word' id='word_1_35' title='bbox 718 1296 795 1352; x_wconf 91' lang='lat' dir='ltr'>mibi</span> <span class='ocrx_word' id='word_1_36' title='bbox 818 1311 881 1353; x_wconf 91' lang='lat' dir='ltr'>non</span> <span class='ocrx_word' id='word_1_37' title='bbox 903 1297 981 1353; x_wconf 82' lang='lat' dir='ltr'>satis</span> <span class='ocrx_word' id='word_1_38' title='bbox 1002 1298 1142 1353; x_wconf 82' lang='lat' dir='ltr'>constat:</span> 
     </span>
     <span class='ocr_line' id='line_1_7' title="bbox 415 1415 1230 1490; baseline 0.006 -18"><span class='ocrx_word' id='word_1_39' title='bbox 415 1415 528 1488; x_wconf 76' lang='lat' dir='ltr'>qrridni</span> <span class='ocrx_word' id='word_1_40' title='bbox 551 1417 709 1474; x_wconf 68' lang='lat' dir='ltr'>timerem?</span> <span class='ocrx_word' id='word_1_41' title='bbox 729 1417 845 1475; x_wconf 79' lang='lat' dir='ltr'>Solitos</span> <span class='ocrx_word' id='word_1_42' title='bbox 865 1434 906 1476; x_wconf 81' lang='lat' dir='ltr'>ex</span> <span class='ocrx_word' id='word_1_43' title='bbox 928 1418 1023 1490; x_wconf 84' lang='lat' dir='ltr'>longo</span> <span class='ocrx_word' id='word_1_44' title='bbox 1045 1421 1094 1476; x_wconf 73' lang='lat' dir='ltr'>ost</span> <span class='ocrx_word' id='word_1_45' title='bbox 1115 1421 1230 1477; x_wconf 76' lang='lat' dir='ltr'>metus„</span> 
     </span>
     <span class='ocr_line' id='line_1_8' title="bbox 320 1540 1400 1615; baseline 0.005 -18"><span class='ocrx_word' id='word_1_46' title='bbox 320 1540 467 1598; x_wconf 79' lang='lat' dir='ltr'>blendum</span> <span class='ocrx_word' id='word_1_47' title='bbox 510 1541 596 1598; x_wconf 92' lang='lat' dir='ltr'>enim</span> <span class='ocrx_word' id='word_1_48' title='bbox 633 1543 738 1598; x_wconf 85' lang='lat' dir='ltr'>ortum</span> <span class='ocrx_word' id='word_1_49' title='bbox 772 1556 840 1599; x_wconf 80' lang='lat' dir='ltr'>esse</span> <span class='ocrx_word' id='word_1_50' title='bbox 873 1542 994 1600; x_wconf 86' lang='lat' dir='ltr'>videtur</span> <span class='ocrx_word' id='word_1_51' title='bbox 1026 1558 1068 1600; x_wconf 79' lang='lat' dir='ltr'>ex</span> <span class='ocrx_word' id='word_1_52' title='bbox 1101 1544 1260 1615; x_wconf 79' lang='lat' dir='ltr'>sequentis</span> <span class='ocrx_word' id='word_1_53' title='bbox 1291 1560 1400 1602; x_wconf 88' lang='lat' dir='ltr'>versus</span> 
     </span>
    </p>
   </div>
   <div class='ocr_carea' id='block_1_5' title="bbox 276 1663 1084 1861">
    <p class='ocr_par' dir='ltr' id='par_1_5' title="bbox 276 1663 1084 1861">
     <span class='ocr_line' id='line_1_9' title="bbox 276 1663 548 1735; baseline -0.004 -15"><span class='ocrx_word' id='word_1_54' title='bbox 276 1677 374 1735; x_wconf 88' lang='lat' dir='ltr'>prava</span> <span class='ocrx_word' id='word_1_55' title='bbox 394 1663 548 1722; x_wconf 83' lang='lat' dir='ltr'>lectione:</span> 
     </span>
     <span class='ocr_line' id='line_1_10' title="bbox 409 1787 1084 1861; baseline 0.003 -16"><span class='ocrx_word' id='word_1_56' title='bbox 409 1787 537 1846; x_wconf 75' lang='lat' dir='ltr'>dediscit</span> <span class='ocrx_word' id='word_1_57' title='bbox 555 1789 679 1846; x_wconf 85' lang='lat' dir='ltr'>animus</span> <span class='ocrx_word' id='word_1_58' title='bbox 697 1804 774 1861; x_wconf 83' lang='lat' dir='ltr'>sero,</span> <span class='ocrx_word' id='word_1_59' title='bbox 795 1790 875 1860; x_wconf 85' lang='lat' dir='ltr'>quod</span> <span class='ocrx_word' id='word_1_60' title='bbox 898 1790 1002 1848; x_wconf 74' lang='lat' dir='ltr'>didicit</span> <span class='ocrx_word' id='word_1_61' title='bbox 1023 1791 1084 1847; x_wconf 83' lang='lat' dir='ltr'>diu.</span> 
     </span>
    </p>
   </div>
   <div class='ocr_carea' id='block_1_6' title="bbox 694 2052 982 2126">
    <p class='ocr_par' dir='ltr' id='par_1_6' title="bbox 694 2052 982 2126">
     <span class='ocr_line' id='line_1_11' title="bbox 694 2052 982 2126; baseline 0.003 -16"><span class='ocrx_word' id='word_1_62' title='bbox 694 2052 803 2110; x_wconf 84' lang='lat' dir='ltr'>Troad.</span> <span class='ocrx_word' id='word_1_63' title='bbox 829 2054 892 2112; x_wconf 79' lang='lat'>739</span> <span class='ocrx_word' id='word_1_64' title='bbox 916 2069 982 2126; x_wconf 85' lang='lat' dir='ltr'><strong>sqq.</strong></span> 
     </span>
    </p>
   </div>
   <div class='ocr_carea' id='block_1_7' title="bbox 276 2228 1401 4422">
    <p class='ocr_par' dir='ltr' id='par_1_7' title="bbox 410 2228 1129 2317">
     <span class='ocr_line' id='line_1_12' title="bbox 410 2228 1129 2317; baseline 0.001 -29"><span class='ocrx_word' id='word_1_65' title='bbox 410 2228 486 2303; x_wconf 87' lang='lat' dir='ltr'>Has,</span> <span class='ocrx_word' id='word_1_66' title='bbox 511 2229 568 2287; x_wconf 86' lang='lat' dir='ltr'>bas</span> <span class='ocrx_word' id='word_1_67' title='bbox 590 2230 697 2287; x_wconf 78' lang='lat' dir='ltr'>ruinas</span> <span class='ocrx_word' id='word_1_68' title='bbox 720 2230 856 2287; x_wconf 85' lang='lat' dir='ltr'>urbisin</span> <span class='ocrx_word' id='word_1_69' title='bbox 878 2231 1016 2288; x_wconf 78' lang='lat' dir='ltr'>cinerem</span> <span class='ocrx_word' id='word_1_70' title='bbox 1038 2231 1129 2317; x_wconf 78' lang='lat' dir='ltr'>datae</span> 
     </span>
    </p>

    <p class='ocr_par' dir='ltr' id='par_1_8' title="bbox 410 2347 1274 2553">
     <span class='ocr_line' id='line_1_13' title="bbox 410 2347 1274 2428; baseline 0 -15"><span class='ocrx_word' id='word_1_71' title='bbox 410 2357 461 2414; x_wconf 87' lang='lat' dir='ltr'>hie</span> <span class='ocrx_word' id='word_1_72' title='bbox 482 2355 638 2428; x_wconf 77' lang='lat' dir='ltr'>excitabit,</span> <span class='ocrx_word' id='word_1_73' title='bbox 663 2355 722 2413; x_wconf 88' lang='lat' dir='ltr'>hae</span> <span class='ocrx_word' id='word_1_74' title='bbox 744 2370 859 2412; x_wconf 86' lang='lat' dir='ltr'>manus</span> <span class='ocrx_word' id='word_1_75' title='bbox 882 2355 1006 2413; x_wconf 81' lang='lat' dir='ltr'>Troiam</span> <span class='ocrx_word' id='word_1_76' title='bbox 1028 2357 1171 2427; x_wconf 80' lang='lat' dir='ltr'>erigent?</span> <span class='ocrx_word' id='word_1_77' title='bbox 1268 2347 1274 2353; x_wconf 76' lang='grc'>’</span> 
     </span>
     <span class='ocr_line' id='line_1_14' title="bbox 410 2480 1127 2553; baseline 0 -14"><span class='ocrx_word' id='word_1_78' title='bbox 410 2481 513 2539; x_wconf 80' lang='lat' dir='ltr'>nullas</span> <span class='ocrx_word' id='word_1_79' title='bbox 535 2481 629 2540; x_wconf 88' lang='lat' dir='ltr'>babet</span> <span class='ocrx_word' id='word_1_80' title='bbox 650 2495 722 2553; x_wconf 86' lang='lat' dir='ltr'>spes</span> <span class='ocrx_word' id='word_1_81' title='bbox 743 2480 843 2552; x_wconf 86' lang='lat' dir='ltr'>Troia,</span> <span class='ocrx_word' id='word_1_82' title='bbox 867 2481 894 2537; x_wconf 95' lang='lat' dir='ltr'>si</span> <span class='ocrx_word' id='word_1_83' title='bbox 916 2480 996 2538; x_wconf 78' lang='lat' dir='ltr'>tales</span> <span class='ocrx_word' id='word_1_84' title='bbox 1018 2481 1127 2553; x_wconf 88' lang='lat' dir='ltr'>habet;</span> 
     </span>
    </p>

    <p class='ocr_par' dir='ltr' id='par_1_9' title="bbox 409 2605 1179 2804">
     <span class='ocr_line' id='line_1_15' title="bbox 410 2605 1179 2678; baseline 0.004 -16"><span class='ocrx_word' id='word_1_85' title='bbox 410 2621 474 2663; x_wconf 93' lang='lat' dir='ltr'>non</span> <span class='ocrx_word' id='word_1_86' title='bbox 497 2607 541 2664; x_wconf 85' lang='lat' dir='ltr'>sie</span> <span class='ocrx_word' id='word_1_87' title='bbox 563 2606 701 2663; x_wconf 87' lang='lat' dir='ltr'>iacemus</span> <span class='ocrx_word' id='word_1_88' title='bbox 723 2605 827 2678; x_wconf 81' lang='lat' dir='ltr'>Troes,</span> <span class='ocrx_word' id='word_1_89' title='bbox 851 2607 887 2662; x_wconf 87' lang='lat' dir='ltr'>ut</span> <span class='ocrx_word' id='word_1_90' title='bbox 908 2606 1053 2677; x_wconf 84' lang='lat' dir='ltr'>cuiquam</span> <span class='ocrx_word' id='word_1_91' title='bbox 1074 2609 1179 2665; x_wconf 87' lang='lat' dir='ltr'>metus</span> 
     </span>
     <span class='ocr_line' id='line_1_16' title="bbox 409 2729 1080 2804; baseline 0 -17"><span class='ocrx_word' id='word_1_92' title='bbox 409 2731 564 2804; x_wconf 85' lang='lat' dir='ltr'>possimus</span> <span class='ocrx_word' id='word_1_93' title='bbox 585 2744 662 2787; x_wconf 86' lang='lat' dir='ltr'>esse.</span> <span class='ocrx_word' id='word_1_94' title='bbox 686 2729 816 2801; x_wconf 78' lang='lat' dir='ltr'>Spirttus</span> <span class='ocrx_word' id='word_1_95' title='bbox 837 2730 960 2799; x_wconf 84' lang='lat' dir='ltr'>genitor</span> <span class='ocrx_word' id='word_1_96' title='bbox 980 2729 1080 2802; x_wconf 70' lang='lat' dir='ltr'>facit?</span> 
     </span>
    </p>

    <p class='ocr_par' dir='ltr' id='par_1_10' title="bbox 409 2854 748 2926">
     <span class='ocr_line' id='line_1_17' title="bbox 409 2854 748 2926; baseline -0.012 -13"><span class='ocrx_word' id='word_1_97' title='bbox 409 2854 464 2913; x_wconf 87' lang='lat' dir='ltr'>sed</span> <span class='ocrx_word' id='word_1_98' title='bbox 486 2868 599 2926; x_wconf 85' lang='lat' dir='ltr'>nempe</span> <span class='ocrx_word' id='word_1_99' title='bbox 621 2855 748 2911; x_wconf 76' lang='lat' dir='ltr'>tractus.</span> 
     </span>
    </p>

    <p class='ocr_par' dir='ltr' id='par_1_11' title="bbox 276 2978 1401 3669">
     <span class='ocr_line' id='line_1_18' title="bbox 324 2978 1400 3053; baseline -0.005 -13"><span class='ocrx_word' id='word_1_100' title='bbox 324 2982 416 3040; x_wconf 86' lang='lat' dir='ltr'>Miror</span> <span class='ocrx_word' id='word_1_101' title='bbox 438 2980 607 3053; x_wconf 91' lang='lat' dir='ltr'>neminem,</span> <span class='ocrx_word' id='word_1_102' title='bbox 630 2981 782 3051; x_wconf 84' lang='lat' dir='ltr'>quantum</span> <span class='ocrx_word' id='word_1_103' title='bbox 805 2979 877 3052; x_wconf 83' lang='lat' dir='ltr'>soiO,</span> <span class='ocrx_word' id='word_1_104' title='bbox 903 2978 1039 3036; x_wconf 87' lang='lat' dir='ltr'>haesisse</span> <span class='ocrx_word' id='word_1_105' title='bbox 1055 2978 1088 3035; x_wconf 93' lang='lat' dir='ltr'>in</span> <span class='ocrx_word' id='word_1_106' title='bbox 1120 2978 1220 3037; x_wconf 90' lang='lat' dir='ltr'>verbis</span> <span class='ocrx_word' id='word_1_107' title='bbox 1251 2978 1400 3051; x_wconf 72' lang='lat' dir='ltr'>,spiritus</span> 
     </span>
     <span class='ocr_line' id='line_1_19' title="bbox 280 3071 1398 3180; baseline -0.005 -15"><span class='ocrx_word' id='word_1_108' title='bbox 280 3103 697 3180; x_wconf 68' lang='lat' dir='ltr'>yeatbrsactt&#39;.Nonemm</span> <span class='ocrx_word' id='word_1_109' title='bbox 708 3071 1398 3176; x_wconf 81' lang='lat' dir='ltr'>ternpuspraesentisdesideratursedfuturi.</span> 
     </span>
     <span class='ocr_line' id='line_1_20' title="bbox 278 3224 1400 3298; baseline -0.007 -10"><span class='ocrx_word' id='word_1_110' title='bbox 278 3229 393 3289; x_wconf 82' lang='lat' dir='ltr'>Danais</span> <span class='ocrx_word' id='word_1_111' title='bbox 427 3230 474 3287; x_wconf 82' lang='lat' dir='ltr'>est</span> <span class='ocrx_word' id='word_1_112' title='bbox 495 3226 682 3286; x_wconf 81' lang='lat' dir='ltr'>metuendus</span> <span class='ocrx_word' id='word_1_113' title='bbox 711 3242 775 3283; x_wconf 92' lang='lat' dir='ltr'>non</span> <span class='ocrx_word' id='word_1_114' title='bbox 797 3227 963 3296; x_wconf 78' lang='lat' dir='ltr'>Astyanax</span> <span class='ocrx_word' id='word_1_115' title='bbox 986 3239 1071 3298; x_wconf 90' lang='lat' dir='ltr'>puer,</span> <span class='ocrx_word' id='word_1_116' title='bbox 1096 3224 1151 3282; x_wconf 78' lang='lat' dir='ltr'>sed</span> <span class='ocrx_word' id='word_1_117' title='bbox 1173 3226 1281 3296; x_wconf 86' lang='lat' dir='ltr'>postea</span> <span class='ocrx_word' id='word_1_118' title='bbox 1303 3237 1400 3295; x_wconf 90' lang='lat' dir='ltr'>quum</span> 
     </span>
     <span class='ocr_line' id='line_1_21' title="bbox 277 3348 1401 3425; baseline -0.006 -13"><span class='ocrx_word' id='word_1_119' title='bbox 277 3353 455 3425; x_wconf 79' lang='lat' dir='ltr'>adoleverit,</span> <span class='ocrx_word' id='word_1_120' title='bbox 491 3352 595 3423; x_wconf 84' lang='lat' dir='ltr'>itaque</span> <span class='ocrx_word' id='word_1_121' title='bbox 628 3350 661 3408; x_wconf 92' lang='lat' dir='ltr'>in</span> <span class='ocrx_word' id='word_1_122' title='bbox 693 3350 843 3423; x_wconf 87' lang='lat' dir='ltr'>prioribus</span> <span class='ocrx_word' id='word_1_123' title='bbox 872 3349 1011 3407; x_wconf 83' lang='lat' dir='ltr'>versibus</span> <span class='ocrx_word' id='word_1_124' title='bbox 1045 3348 1263 3406; x_wconf 79' lang='lat' dir='ltr'>Andromache</span> <span class='ocrx_word' id='word_1_125' title='bbox 1297 3348 1401 3406; x_wconf 85' lang='lat' dir='ltr'>loeuta</span> 
     </span>
     <span class='ocr_line' id='line_1_22' title="bbox 276 3470 1400 3546; baseline -0.004 -13"><span class='ocrx_word' id='word_1_126' title='bbox 276 3478 325 3533; x_wconf 83' lang='lat' dir='ltr'>est</span> <span class='ocrx_word' id='word_1_127' title='bbox 364 3477 504 3546; x_wconf 86' lang='lat' dir='ltr'>tempore</span> <span class='ocrx_word' id='word_1_128' title='bbox 544 3473 657 3530; x_wconf 82' lang='lat' dir='ltr'>tuturo.</span> <span class='ocrx_word' id='word_1_129' title='bbox 700 3472 753 3528; x_wconf 88' lang='lat' dir='ltr'>Vs.</span> <span class='ocrx_word' id='word_1_130' title='bbox 791 3472 853 3529; x_wconf 80' lang='lat'>559</span> <span class='ocrx_word' id='word_1_131' title='bbox 888 3470 1008 3544; x_wconf 67' lang='lat' dir='ltr'>Ulixes</span> <span class='ocrx_word' id='word_1_132' title='bbox 1042 3486 1170 3545; x_wconf 60' lang='lat' dir='ltr'>maereo,</span> <span class='ocrx_word' id='word_1_133' title='bbox 1206 3471 1315 3543; x_wconf 90' lang='lat' dir='ltr'>inquit,</span> <span class='ocrx_word' id='word_1_134' title='bbox 1350 3487 1400 3528; x_wconf 80' lang='lat' dir='ltr'>ree</span> 
     </span>
     <span class='ocr_line' id='line_1_23' title="bbox 276 3596 1125 3669; baseline -0.008 -10"><span class='ocrx_word' id='word_1_135' title='bbox 276 3601 405 3659; x_wconf 81' lang='lat' dir='ltr'>Danaos</span> <span class='ocrx_word' id='word_1_136' title='bbox 427 3600 542 3657; x_wconf 79' lang='lat' dir='ltr'>moret:</span> <span class='ocrx_word' id='word_1_137' title='bbox 565 3596 694 3669; x_wconf 72' lang='lat' dir='ltr'>ferturus</span> <span class='ocrx_word' id='word_1_138' title='bbox 716 3596 840 3668; x_wconf 80' lang='lat' dir='ltr'>Hector,</span> <span class='ocrx_word' id='word_1_139' title='bbox 865 3597 897 3654; x_wconf 91' lang='lat' dir='ltr'>et</span> <span class='ocrx_word' id='word_1_140' title='bbox 920 3611 966 3652; x_wconf 78' lang='lat' dir='ltr'>ve.</span> <span class='ocrx_word' id='word_1_141' title='bbox 993 3596 1055 3654; x_wconf 79' lang='lat'>737</span> <span class='ocrx_word' id='word_1_142' title='bbox 1079 3610 1125 3667; x_wconf 87' lang='lat' dir='ltr'>sq.</span> 
     </span>
    </p>

    <p class='ocr_par' dir='ltr' id='par_1_12' title="bbox 409 3720 1197 3923">
     <span class='ocr_line' id='line_1_24' title="bbox 410 3720 1190 3794; baseline -0.008 -13"><span class='ocrx_word' id='word_1_143' title='bbox 410 3724 513 3794; x_wconf 82' lang='lat' dir='ltr'>magis</span> <span class='ocrx_word' id='word_1_144' title='bbox 535 3721 684 3792; x_wconf 84' lang='lat' dir='ltr'>Pelasgae</span> <span class='ocrx_word' id='word_1_145' title='bbox 706 3736 758 3779; x_wconf 88' lang='lat' dir='ltr'>me</span> <span class='ocrx_word' id='word_1_146' title='bbox 780 3722 888 3778; x_wconf 88' lang='lat' dir='ltr'>tamen</span> <span class='ocrx_word' id='word_1_147' title='bbox 911 3720 1030 3776; x_wconf 83' lang='lat' dir='ltr'>matres</span> <span class='ocrx_word' id='word_1_148' title='bbox 1053 3720 1190 3791; x_wconf 82' lang='lat' dir='ltr'>movent,</span> 
     </span>
     <span class='ocr_line' id='line_1_25' title="bbox 409 3842 1197 3923; baseline -0.013 -15"><span class='ocrx_word' id='word_1_149' title='bbox 409 3863 542 3923; x_wconf 85' lang='lat' dir='ltr'>quarum</span> <span class='ocrx_word' id='word_1_150' title='bbox 564 3848 623 3906; x_wconf 81' lang='lat' dir='ltr'>iste</span> <span class='ocrx_word' id='word_1_151' title='bbox 645 3860 779 3917; x_wconf 84' lang='lat' dir='ltr'>magnos</span> <span class='ocrx_word' id='word_1_152' title='bbox 801 3845 911 3902; x_wconf 74' lang='lat' dir='ltr'>erescit</span> <span class='ocrx_word' id='word_1_153' title='bbox 933 3844 965 3901; x_wconf 90' lang='lat' dir='ltr'>in</span> <span class='ocrx_word' id='word_1_154' title='bbox 988 3842 1091 3901; x_wconf 83' lang='lat' dir='ltr'>luctus</span> <span class='ocrx_word' id='word_1_155' title='bbox 1113 3856 1197 3914; x_wconf 85' lang='lat' dir='ltr'>puer.</span> 
     </span>
    </p>

    <p class='ocr_par' dir='ltr' id='par_1_13' title="bbox 276 3931 1400 4170">
     <span class='ocr_line' id='line_1_26' title="bbox 320 3931 1400 4045; baseline -0.012 -12"><span class='ocrx_word' id='word_1_156' title='bbox 320 3973 424 4033; x_wconf 80' lang='lat' dir='ltr'>Velim</span> <span class='ocrx_word' id='word_1_157' title='bbox 446 3974 555 4044; x_wconf 80' lang='lat' dir='ltr'>igitur:</span> <span class='ocrx_word' id='word_1_158' title='bbox 580 3931 853 4045; x_wconf 67' lang='lat' dir='ltr'>spiritasyenttor</span> <span class='ocrx_word' id='word_1_159' title='bbox 872 3965 1257 4040; x_wconf 79' lang='lat' dir='ltr'>dubit,quamforn1am</span> <span class='ocrx_word' id='word_1_160' title='bbox 1280 3962 1400 4021; x_wconf 81' lang='lat' dir='ltr'>dicendi</span> 
     </span>
     <span class='ocr_line' id='line_1_27' title="bbox 276 4096 759 4170; baseline -0.017 -12"><span class='ocrx_word' id='word_1_161' title='bbox 276 4099 417 4158; x_wconf 82' lang='lat' dir='ltr'>invenies</span> <span class='ocrx_word' id='word_1_162' title='bbox 439 4113 533 4170; x_wconf 87' lang='lat' dir='ltr'>supra</span> <span class='ocrx_word' id='word_1_163' title='bbox 556 4112 602 4155; x_wconf 87' lang='lat' dir='ltr'>vs.</span> <span class='ocrx_word' id='word_1_164' title='bbox 628 4096 691 4154; x_wconf 80' lang='lat'>268</span> <span class='ocrx_word' id='word_1_165' title='bbox 715 4109 759 4166; x_wconf 86' lang='lat' dir='ltr'>sq.</span> 
     </span>
    </p>

    <p class='ocr_par' dir='ltr' id='par_1_14' title="bbox 410 4215 1133 4422">
     <span class='ocr_line' id='line_1_28' title="bbox 410 4215 1133 4294; baseline -0.012 -12"><span class='ocrx_word' id='word_1_166' title='bbox 410 4223 465 4281; x_wconf 88' lang='lat' dir='ltr'>sed</span> <span class='ocrx_word' id='word_1_167' title='bbox 487 4222 579 4294; x_wconf 81' lang='lat' dir='ltr'>fregit</span> <span class='ocrx_word' id='word_1_168' title='bbox 600 4220 670 4279; x_wconf 87' lang='lat' dir='ltr'>illos</span> <span class='ocrx_word' id='word_1_169' title='bbox 691 4218 822 4292; x_wconf 76' lang='lat' dir='ltr'>spirituo</span> <span class='ocrx_word' id='word_1_170' title='bbox 845 4218 931 4290; x_wconf 79' lang='lat' dir='ltr'>haee,</span> <span class='ocrx_word' id='word_1_171' title='bbox 956 4231 1033 4288; x_wconf 89' lang='lat' dir='ltr'>quae</span> <span class='ocrx_word' id='word_1_172' title='bbox 1056 4215 1133 4274; x_wconf 80' lang='lat' dir='ltr'>dure</span> 
     </span>
     <span class='ocr_line' id='line_1_29' title="bbox 411 4341 1063 4422; baseline -0.011 -17"><span class='ocrx_word' id='word_1_173' title='bbox 411 4347 563 4422; x_wconf 83' lang='lat' dir='ltr'>potuisset</span> <span class='ocrx_word' id='word_1_174' title='bbox 583 4344 653 4403; x_wconf 84' lang='lat' dir='ltr'>aliis</span> <span class='ocrx_word' id='word_1_175' title='bbox 674 4358 777 4417; x_wconf 86' lang='lat' dir='ltr'>eausa,</span> <span class='ocrx_word' id='word_1_176' title='bbox 800 4342 942 4400; x_wconf 82' lang='lat' dir='ltr'>fortunae</span> <span class='ocrx_word' id='word_1_177' title='bbox 966 4341 1063 4399; x_wconf 86' lang='lat' dir='ltr'>favor.</span> 
     </span>
    </p>
   </div>
   <div class='ocr_carea' id='block_1_8' title="bbox 0 0 1580 5356">
    <p class='ocr_par' dir='ltr' id='par_1_15' title="bbox 0 0 1580 5356">
     <span class='ocr_line' id='line_1_30' title="bbox 0 0 1580 5356; baseline 0 0"><span class='ocrx_word' id='word_1_178' title='bbox 0 0 1580 5356; x_wconf 95' lang='lat' dir='ltr'> </span> 
     </span>
    </p>
   </div>
  </div>
 </body>
</html>
