3150 5356
805 593 846 653 68

264 783 354 845 Hero.
378 784 435 844 fur.
463 786 524 845 167
550 791 619 859 sq.'

619 877 683 934 hic
713 877 827 936 nullo
858 879 942 937 fine
971 879 1115 953 beatas

441 999 646 1072 componit
675 1015 775 1074 obeo,

263 1121 446 1194 quibuscum
468 1123 645 1183 conferatur
667 1126 745 1185 Aen.
770 1126 853 1185 VIII.
879 1125 941 1186 317

875 1265 930 1309 uec
951 1252 1079 1327 inuuere
1103 1255 1209 1312 tauros

440 1373 756 1445 outcomponero
779 1378 1018 1446 oposuerant.

306 1545 465 1605 Habemus
498 1548 592 1618 igitur
625 1564 792 1609 numerum
815 1567 878 1610 non
900 1553 945 1611 ita
966 1567 1099 1625 parvum
1121 1553 1285 1612 verborum
1307 1569 1385 1627 quae

262 1684 335 1728 cum
357 1670 484 1743 Vergilii
506 1671 659 1732 locutione
682 1675 869 1748 conspirant.

304 1796 425 1856 Horum
447 1812 565 1870 magna
586 1814 660 1872 pars
681 1800 741 1858 nisi
764 1801 844 1873 apud
867 1800 1040 1872 Vergilium
1061 1815 1125 1858 non
1147 1801 1314 1875 invenitur,
1328 1804 1384 1859 aut

261 1920 342 1994 apud
368 1936 421 1980 eos
447 1924 564 1996 poetas,
589 1923 640 1995 qui
664 1923 756 1982 huius
778 1924 952 1983 imitatores
964 1925 1115 1999 dicuntur,
1130 1925 1282 1998 Ovidium,
1296 1925 1383 1984 Vale·

259 2043 351 2117 rium,
375 2043 493 2118 Silium,
518 2045 653 2104 Statium
675 2048 708 2106 et
729 2047 881 2128 historiae
896 2048 1059 2120 scriptores
1070 2047 1234 2122 Velleium‚
1247 2048 1381 2123 Livium,

261 2166 412 2241 Tacitum,
443 2169 627 2241 inquorum
649 2169 733 2228 libris
755 2170 857 2228 multa
879 2170 1074 2242 Vergilianas
1096 2171 1221 2243 linguae
1251 2173 1384 2244 vestigia

261 2291 370 2350 extare
389 2293 521 2351 constat.
552 2293 624 2352 Non
643 2295 736 2365 igitur
756 2295 823 2353 sine
842 2294 946 2367 aliqua
968 2296 1034 2354 veri
1049 2297 1149 2370 speeie
1157 2297 1294 2356 statuere
1305 2297 1383 2355 mihi

260 2417 374 2491 videor,
398 2417 471 2477 licet
492 2434 543 2478 res
565 2434 630 2478 non
652 2434 776 2493 semper
797 2421 839 2479 sit
861 2421 955 2494 certa,
979 2421 1105 2493 poetam
1127 2419 1282 2492 tragicum
1292 2419 1383 2479 inhia

260 2544 361 2604 verbis
383 2545 563 2604 adhibendis
585 2545 712 2618 Vergilii
735 2546 953 2605 auctoritatem
976 2544 1119 2603 secutum
1140 2559 1218 2603 esse.

303 2775 370 2834 Hac
405 2776 570 2834 verborum
603 2776 681 2834 serie
715 2775 896 2834 examinata
929 2774 1083 2846 reliquum
1115 2774 1180 2833 iam
1213 2776 1262 2832 est
1284 2773 1320 2832 ut
1342 2772 1381 2830 ad

259 2901 378 2959 ceteras
410 2899 530 2958 dicendi
552 2899 669 2958 formas
691 2899 877 2974 progrediar,
898 2914 976 2972 quae
999 2901 1031 2957 et
1053 2899 1134 2972 apud
1155 2898 1328 2970 Vergilium
1349 2899 1382 2956 et

259 3024 340 3098 apud
362 3023 517 3096 tragicum
535 3024 660 3097 poetam
678 3023 840 3096 leguntur3
865 3037 901 3081 ac
923 3023 1060 3096 primum
1083 3022 1206 3094 quidem
1229 3021 1269 3080 ad
1291 3021 1380 3079 Troa-

259 3147 335 3206 dum
356 3148 549 3220 tragoediam
570 3163 628 3207 nos
650 3144 881 3220 concertamus,¹
892 3147 943 3205 ubi
960 3161 1007 3204 vs.
1030 3146 1092 3205 124
1108 3145 1223 3204 Hector
1234 3145 1379 3204 vocatur:

436 3290 623 3349 columen
645 3290 806 3363 patriae
839 3302 952 3347 moro
984 3287 1178 3360 sotorum.

258 3434 307 3494 Sic
329 3449 448 3507 quoque
472 3437 549 3506 Aen.
573 3434 613 3492 X.
638 3434 701 3493 428
726 3432 883 3491 Abantem
906 3432 998 3490 vocat
1019 3430 1173 3502 Vergilius

519 3591 648 3651 pugnae
669 3575 845 3648 nodumque
866 3587 1113 3647 moremque,-

259 3719 369 3777 eadem
403 3718 497 3777 verba
526 3718 691 3776 coniuncta
702 3718 844 3776 uidemus
862 3718 976 3777 Phoen.
1002 3719 1054 3792 94,
1086 3717 1136 3776 ubi
1157 3717 1277 3776 Iocaste
1299 3714 1380 3775 filios

257 3842 435 3915 alloquitur:

565 3982 577 3999 ι
668 3949 798 4007 media
820 3963 861 4007 se
883 3948 1052 4022 opponit
1074 3962 1242 4020 parens:

345 4073 514 4146 proinde
537 4071 689 4130 bellum
712 4071 854 4130 tollite
877 4073 947 4130 aut
971 4070 1071 4130 belli
1091 4085 1253 4144 morum,

257 4220 289 4276 et
311 4218 423 4298 Agam.
449 4218 512 4275 208

391 4356 467 4400 non
490 4342 579 4400 sola
601 4341 752 4400 Danais
774 4340 925 4400 Hector
947 4342 987 4398 et
1010 4339 1115 4398 bollo
1138 4353 1259 4398 orooro.
