3150 5356
771 569 812 625 35

230 763 279 820 lta
305 763 383 820 Aen.
407 764 462 821 ΠΙ.
487 764 561 836 423,
586 763 636 821 ubi
658 764 696 821 de
719 763 871 835 Charybdi
897 763 1019 837 ,sideru
1041 764 1183 822 uerberat
1197 765 1304 822 αααα”
1318 768 1349 832 ¹).

229 919 318 977 Herc.
360 920 418 978 fur.
463 921 524 978 237
568 921 677 978 dicitur
718 921 867 979 Hercules
901 923 1025 979 montes
1059 922 1207 992 divisisse,
1243 923 1351 994 quibus

228 1043 378 1117 Hispania
400 1044 521 1102 Africae
543 1045 742 1116 iungebatur:

361 1170 567 1241 utrimque
590 1170 751 1227 montes
777 1168 906 1226 solvit
928 1183 972 1226 ac
994 1170 1115 1240 rupto
1139 1168 1250 1226 obice

361 1293 489 1351 latam
511 1294 650 1352 ruenti
672 1295 773 1352 fecit
796 1295 952 1352 Oceano
976 1295 1098 1353 viam!

228 1418 272 1475 ita
301 1433 421 1490 quoque
444 1417 598 1488 Vergilius
622 1418 714 1476 b'torc
739 1420 828 1475 vocat
850 1418 946 1476 maris
968 1416 1074 1491 obices,
1099 1432 1177 1489 quae
1200 1432 1263 1475 vox
1285 1432 1349 1490 pro-

227 1542 291 1614 prie
314 1543 418 1599 omnia
441 1541 604 1615 significat,
629 1557 707 1613 quae
730 1543 820 1601 alicui
831 1544 875 1600 rei
887 1544 1066 1617 obiciuntur,
1081 1545 1115 1600 ut
1126 1543 1287 1602 claudatur
1301 1543 1348 1600 vel

227 1664 413 1737 cohibeatur,
425 1664 510 1722 velut
521 1665 665 1738 claustra,
678 1666 833 1738 repagula
848 1665 957 1736 Georg.
967 1667 1006 1723 H.
1017 1667 1081 1723 480
1094 1680 1159 1737 sqq.
1169 1667 1254 1724 enim
1262 1667 1348 1724 dicit:

581 1791 641 1856 (me
663 1790 734 1846 autc
757 1789 863 1847 omnic
886 1788 995 1846 Musae
1017 1791 1198 1856 monstrent)

315 1911 397 1969 uude
422 1913 535 1970 tremor
559 1912 657 1985 terris,
683 1927 748 1985 quo
770 1913 800 1969 ni
822 1913 928 1969 mario
950 1912 1017 1970 ulto
1041 1915 1211 1970 tumescant

315 2034 503 2093 obicibus
525 2052 572 2093 ru
576 2037 664 2108 ptis
686 2051 859 2109 rursusque
881 2038 915 2094 in
937 2052 968 2095 se
990 2037 1062 2110 abac
1084 2037 1233 2096 residant.

226 2156 424 2230 Participium
450 2159 587 2231 „ruptis”
612 2160 741 2232 utroque
770 2160 837 2218 loco
860 2161 928 2218 voci
954 2161 1125 2234 „obicibus”
1149 2162 1350 2220 coniunctum

225 2281 299 2341 facit
320 2285 356 2341 ut
378 2284 474 2341 etiam
496 2285 598 2355 magis
621 2286 658 2343 de
680 2285 854 2343 imitatione
877 2286 926 2343 hic
949 2287 1129 2357 cogitemus.

212 2427 351 2484 ·Amoris
380 2427 446 2484 vim
477 2429 511 2485 ut
538 2429 697 2502 depingat,
722 2431 849 2502 uterque
872 2432 963 2503 poeta
985 2400 1095 2488 iisdem
1119 2430 1219 2488 verbis
1242 2431 1346 2489 utitur.

226 2548 354 2607 Phaedr.
381 2551 443 2609 278
467 2552 552 2609 enim
575 2552 687 2611 chorus
710 2554 809 2611 canit:

402 2674 558 2733 labitur
581 2677 693 2735 totas
714 2677 826 2736 furor
848 2679 888 2735 in
910 2678 1122 2752 medullas

402 2801 495 2872 igne
517 2802 673 2862 furtivo
696 2803 919 2876 populante
942 2818 1076 2876 vunan,

225 2924 406 2995 quibuscum
429 2926 603 2985 conferatur
624 2929 748 2987 initium
772 2929 925 2987 Aeneidos
947 2928 1015 2986 libri
1038 2930 1138 3000 quarti
1208 2918 1211 2923 ’

313 3051 349 3106 ut
369 3050 480 3122 reqinu
500 3051 593 3123 dravi
614 3052 801 3109 iamdudum
823 3053 931 3110 surreio
953 3068 1030 3109 card

313 3154 425 3231 uulnus
448 3174 507 3232 ul't
529 3175 639 3232 uanis
663 3178 692 3232 et
713 3191 826 3233 caeco
850 3177 1044 3263 carpitur
1066 3177 1177 3249 ique,-

225 3297 257 3354 et
290 3295 380 3369 paulo
414 3297 495 3355 infra
528 3299 559 3354 in
594 3298 704 3355 eadem
734 3299 892 3369 tragoedia
923 3315 967 3355 vs.
1000 3299 1062 3356 487
1096 3301 1127 3356 et
1152 3314 1196 3356 vs.
1222 3300 1285 3357 642
1309 3300 1347 3357 de

225 3434 330 3478 amore
354 3421 479 3478 dicitur:

515 3529 633 3584 vorat
655 3528 822 3600 penitus
844 3527 1055 3601 medullas,

225 3653 260 3710 ut
283 3652 351 3710 Aen
373 3651 426 3709 IV.
452 3652 492 3710 dd

443 3778 488 3833 est
508 3776 648 3834 mollis
670 3774 842 3848 flumme
865 3777 1077 3850 medullas,

225 3916 302 3972 quae
326 3901 449 3972 quidem
473 3901 592 3959 dicendi
613 3901 714 3959 forma
737 3903 817 3975 apud
840 3901 957 3959 multos
979 3901 1056 3959 alios
1077 3900 1234 3958 invenitur
1255 3896 1288 3962 ²).

265 4053 283 4119 ¹)
304 4061 336 4104 αι’,
365 4056 439 4104 Ovrd.
469 4055 546 4104 Trisi.
566 4055 587 4103 Ι.
606 4054 632 4102 2.
651 4052 685 4102 la
704 4054 820 4112 „Quanti
842 4060 944 4103 montes
965 4055 1107 4102 volvuntur·
1128 4054 1271 4116 uquarum!
1292 4054 1345 4101 inm

224 4143 277 4192 iam
296 4147 414 4192 tacturos
433 4143 519 4191 sidera
538 4157 643 4191 summa
663 4143 764 4205 putes.'’

261 4228 284 4297 ἦ)
309 4233 342 4282 ci.
362 4232 457 4282 Catuli.
479 4232 584 4281 XXXV.
603 4230 645 4280 ll.
665 4231 741 4281 XLV.
761 4231 804 4281 io.
824 4232 911 4282 LXVI.
932 4230 988 4292 23.;
1009 4231 1082 4282 Ovid.
1103 4233 1160 4281 Am.
1181 4232 1214 4282 ll.
1235 4229 1278 4281 19.
1298 4229 1345 4295 433

225 4322 300 4374 Hom.
320 4321 350 4370 ll.
370 4321 413 4371 VI.
434 4320 493 4370 aul.
514 4319 561 4370 Od.
581 4320 626 4369 IX.
647 4319 697 4382 75.;
719 4320 780 4370 Hor.
800 4319 847 4371 Od.
866 4321 900 4369 ΙΙ.
921 4319 963 4368 ll.
983 4319 1026 4370 18,
1046 4321 1116 4371 alibi.
