3150 5356
820 567 838 624 6

273 757 352 818 (lum
374 757 466 815 Ennii
488 756 612 817 Medeae
634 757 813 829 fragmento
835 756 865 816 X
888 757 950 826 (12)
973 772 1001 829 p.
1025 757 1065 814 40
1089 756 1174 816 Ribb.

400 868 466 942 Quo
489 884 572 927 nunc
596 884 648 927 me
669 869 819 927 vortam?
840 868 922 941 quod
943 867 1003 927 iter
1024 867 1194 940 incipiam?

399 980 557 1038 domum
580 982 848 1053 paternamne
870 993 974 1037 anne
997 978 1042 1037 ad
1065 977 1202 1037 Peliae
1224 977 1363 1037 filias?

272 1091 474 1151 conferantur
496 1091 619 1150 Medeae
644 1107 688 1150 vs.
712 1090 889 1150 rer-457.

357 1201 400 1260 At
422 1216 483 1273 quo
505 1202 669 1261 remittis?
691 1202 807 1261 Phasin
829 1203 862 1259 et
883 1199 1022 1261 Colchos·
1035 1203 1142 1276 petam

356 1314 556 1387 patriumque
579 1329 713 1386 regnum
736 1329 877 1385 quaeque
898 1314 1056 1372 fraternus
1078 1329 1170 1372 cruor

357 1425 492 1499 perfudit
513 1426 612 1484 arva?
635 1440 713 1497 quas
735 1426 798 1499 peti
820 1427 920 1484 terras
941 1425 1053 1484 iubes?

358 1552 437 1608 quae
460 1537 560 1595 maria
581 1537 765 1596 monstras?
787 1536 907 1595 Pontici
930 1537 1037 1596 fauces
1058 1537 1128 1595 freti

357 1663 411 1721 per
434 1663 513 1719 quas
535 1647 642 1706 revexi
665 1647 803 1707 nobilem
826 1663 939 1720 rogum
962 1663 1096 1707 manum

358 1759 535 1817 adulterum
559 1760 669 1819 secuta
690 1775 744 1832 per
767 1759 1016 1833 Symplegadas?

357 1885 574 1943 parvamne
600 1869 755 1946 Iolcon,
780 1869 977 1931 Thessala
999 1885 1046 1929 an
1068 1870 1211 1944 Tempe
1233 1871 1393 1944 petam?

315 2022 374 2082 Sed
407 2023 485 2081 satis
518 2024 555 2082 de
589 2024 745 2083 veteribus
767 2025 895 2097 tragicis
917 2026 1034 2085 dixisse
1059 2026 1138 2085 mihi
1160 2026 1275 2084 videor.
1308 2025 1393 2084 Dabo

273 2134 339 2192 ianr
371 2133 457 2192 locos
489 2133 660 2192 nonnullos
682 2135 735 2206 qui
758 2133 927 2194 Ovidianae
949 2131 1136 2194 imitationis
1158 2136 1272 2195 indicia
1294 2137 1393 2194 osten-

273 2246 362 2305 dunt.
394 2246 461 2319 Qua
491 2246 524 2303 in
556 2262 588 2305 re
611 2262 710 2318 quum
733 2261 841 2305 verear
867 2262 906 2305 ne
928 2246 1044 2318 longus
1069 2246 1147 2320 sim,
1171 2247 1265 2305 verba
1286 2247 1319 2305 et
1340 2247 1393 2304 cir-

272 2356 524 2416 cumlocutiones
549 2373 614 2416 non
636 2357 804 2432 attingam,
828 2357 882 2416 sed
904 2358 1060 2416 rosmoda
1073 2357 1268 2431 indicabam
1282 2358 1407 2429 quibus

272 2469 455 2528 enarrandis
478 2468 624 2527 Ovidium
646 2471 776 2528 secutus
798 2484 866 2528 esse
890 2465 1014 2528 videtur
1036 2470 1127 2542 poeta
1149 2470 1296 2541 tragicus.

314 2580 440 2638 Metam.
464 2579 549 2637 XIII.
573 2579 634 2638 415
657 2594 723 2653 sqq.
746 2580 931 2639 describitur
953 2581 1049 2639 turris
1074 2581 1112 2639 de
1134 2596 1198 2652 qua
1215 2580 1391 2654 praecipita-

272 2692 324 2749 tur
346 2691 534 2762 Astyanax:

398 2801 532 2861 Mittitur
553 2802 722 2873 Astyanax
743 2802 805 2860 iliis
826 2803 863 2860 de
885 2803 1043 2874 turribus,
1068 2803 1149 2861 unde

398 2914 595 2986 pugnantem
617 2927 672 2984 pro
695 2927 729 2970 se
751 2913 955 2985 proavitaque
976 2929 1074 2985 regna
1095 2915 1239 2972 tuentem

400 3039 492 3096 saepe
526 3023 628 3082 videre
651 3025 774 3097 patrem
796 3026 1074 3083 monstratum
1097 3027 1240 3083 amatre
1263 3025 1391 3084 solebat.

318 3134 425 3194 Simile
456 3135 530 3207 quid
552 3135 696 3194 invenies
717 3136 755 3194 de
777 3136 887 3194 eadem
913 3136 992 3194 turri
1025 3136 1146 3196 dictum
1175 3136 1286 3195 Troad.
1312 3136 1390 3194 1081

274 3261 341 3320 sqq.
363 3247 416 3305 ubi
438 3248 547 3305 tamen
570 3263 657 3321 auur,
681 3262 745 3307 non
768 3251 876 3321 mater,
900 3251 1053 3308 monstrat
1073 3249 1212 3321 patrem:

740 3359 819 3418 turri
841 3359 874 3418 in
896 3360 956 3417 hac
978 3359 1090 3418 blando
1112 3359 1184 3418 sinu

397 3469 508 3527 fovens
530 3470 698 3544 nepotem,
722 3485 822 3541 quum
844 3471 932 3529 metu
956 3485 1064 3529 versos
1086 3470 1174 3542 gravi

398 3580 524 3639 Danaos
545 3581 671 3652 fugaret
692 3580 809 3640 Hector
830 3583 863 3639 et
883 3581 965 3640 ferro
987 3582 1019 3640 et
1040 3581 1107 3640 face

398 3690 534 3749 Paterna
555 3706 651 3764 puero
674 3690 754 3750 bella
775 3693 1040 3752 monstrabat
1061 3707 1169 3751 senex.

272 3855 369 3914 Paulo
393 3856 483 3929 infra,
506 3869 553 3913 vs.
577 3854 639 3912 520
661 3870 727 3965 sqq.
749 3855 879 3914 Hecuba
900 3855 982 3928 apud
1004 3854 1150 3914 Ovidium
1173 3855 1349 3914 exclamat:

739 3966 809 4038 quis
830 3980 921 4039 posse
943 3967 1069 4039 putaret

400 4076 522 4135 felicem
545 4076 708 4135 Prtamum
731 4078 802 4150 post
825 4077 927 4137 diruta
949 4077 1104 4150 Pergama
1124 4078 1207 4136 dici?

400 4187 474 4245 felix
499 4189 601 4246 morte
624 4203 682 4246 sua
703 4189 766 4247 est:
792 4203 850 4246 nec
873 4189 921 4262 te,
944 4203 1017 4247 mea
1038 4190 1130 4263 nata,
1154 4190 1349 4262 peremptam

402 4298 528 4372 aspicit,
552 4300 591 4358 et
606 4299 738 4358 vitam
757 4300 912 4374 pariter
927 4315 1185 4373 regnumque
1205 4299 1390 4373 reliquit.
