3150 5356
840 568 908 633 '18

370 768 487 826 Eodem
522 769 614 827 mede
649 769 722 828 dens
756 769 872 842 precari
907 771 939 828 et
972 771 1116 828 invocare
1154 770 1260 843 incipit
1293 770 1447 841 Vergilius

326 895 450 951 Aeneae
484 893 523 952 ad
545 894 660 952 inseres
683 894 866 952 descensum
889 897 1086 968 narraturus;
1113 898 1189 955 Aen.
1214 897 1265 955 VI.
1292 898 1355 955 264
1379 913 1444 969 sqq.

325 1017 409 1074 enirn
433 1015 580 1088 legimus:

412 1140 462 1212 Di,
487 1142 601 1214 quibua
623 1143 792 1216 imperium
814 1147 859 1202 cst
879 1146 1068 1220 animorum,
1098 1147 1294 1220 Umbraeqne
1313 1148 1443 1221 silentes,

412 1267 440 1322 ct
464 1263 571 1337 Obana,
597 1269 626 1324 et
647 1266 821 1341 Pbthctou,
848 1268 913 1326 lecu
935 1271 1019 1327 nocte
1044 1270 1175 1328 tacentia
1199 1271 1267 1343 tea,

410 1391 452 1449 sit
473 1391 552 1449 mibi
573 1390 625 1464 fus
648 1393 759 1450 auditu
783 1393 876 1466 ioqui,
901 1394 943 1451 stt
963 1395 1090 1452 numine
1112 1398 1209 1453 uestro

378 1531 381 1536 ’
408 1517 547 1589 pandere
568 1532 618 1577 res
641 1517 707 1575 ulte
732 1520 815 1575 terra
838 1520 866 1576 ct
887 1518 1018 1590 cutiqinc
1040 1533 1169 1576 mersus.

366 1642 532 1714 Sequentia
565 1643 673 1701 multis
706 1643 739 1700 in
762 1643 852 1701 rebus
875 1642 989 1700 similia
1011 1644 1085 1700 sunt
1108 1642 1233 1713 Vergilii
1256 1642 1441 1700 narrationi:

321 1768 445 1826 initium
478 1767 597 1826 itineris
632 1767 715 1825 ducit
749 1782 803 1839 per
825 1766 927 1824 lucem
951 1767 1075 1824 dubiam
1098 1767 1130 1824 et
1152 1765 1317 1837 caliginem
1340 1765 1439 1834 (Herc.
1542 1752 1544 1756 ’

320 1893 378 1951 fur.
404 1893 477 1965 668,
504 1893 580 1950 Aen.
605 1892 658 1950 VI.
684 1893 768 1961 270.)
793 1892 841 1950 Ad
864 1893 941 1950 haec
963 1894 1070 1949 tamen
1094 1890 1295 1964 exprimenda
1310 1889 1440 1948 diversis

321 2014 507 2085 imaginibus
529 2015 660 2073 utuntur
682 2016 800 2087 poetae.

364 2141 445 2199 Tum
467 2141 558 2212 poeta
580 2140 716 2210 tragicus
738 2140 838 2212 pergit
861 2141 924 2198 675
948 2155 1014 2211 sqq.

408 2278 479 2321 nec
500 2264 559 2321 ire
581 2262 695 2320 labor
718 2264 796 2333 est;
820 2262 909 2335 ipsa
931 2263 1096 2320 deducit
1119 2263 1184 2320 via

408 2513 657 2585 gradumque
712 2513 823 2570 retro
875 2511 1050 2570 flectere
1095 2511 1199 2568 haud
1252 2523 1438 2580 umquam

406 2638 550 2695 sinunt
572 2637 736 2695 umbrae
759 2639 936 2708 tenaces,

362 2763 543 2835 quibuscum
566 2760 740 2819 conferatur
763 2762 840 2818 Aen.
865 2760 917 2817 VI.
945 2760 1006 2816 128
1031 2773 1096 2829 sqq.

671 2901 776 2975 jacitis
799 2902 958 2960 daecanus
980 2900 1102 2958 Auerno
1133 2931 1162 2938 —

404 3030 504 3086 noctes
527 3028 620 3099 utque
644 3026 708 3084 dics
726 3028 816 3099 ructet
837 3026 901 3084 utri
922 3025 1022 3083 ianua
1043 3024 1124 3082 Ditis
1154 3056 1183 3063 -

402 3151 455 3209 aad
478 3165 619 3208 revocure
642 3150 781 3223 aradum
803 3163 994 3223 superasque
1017 3147 1142 3239 euadere
1165 3147 1207 3204 ud
1230 3160 1337 3218 nurus,

401 3275 456 3333 boc
479 3289 565 3348 opus,
591 3274 640 3333 bic
663 3274 753 3332 luber
775 3276 819 3332 est
841 3277 873 3340 ¹).

357 3417 437 3474 Tum
460 3417 574 3475 Lethes
597 3416 714 3474 flumen
737 3417 912 3490 depingitur
933 3419 969 3474 ut
992 3417 1072 3489 apud
1094 3415 1265 3486 Vergilium
1288 3416 1366 3473 Aen.
1380 3414 1431 3470 VI.
1542 3412 1552 3421 ‘

312 3542 374 3600 437
400 3557 476 3615 sqq,
498 3541 599 3612 Geerg
613 3541 665 3599 IV.
680 3542 744 3599 480
757 3556 822 3613 sqq.
836 3543 867 3599 et
880 3541 1008 3613 Cocythi
1019 3541 1109 3613 palus
1119 3540 1194 3597 locis
1205 3539 1324 3611 iisdem,
1338 3553 1430 3609 quain

311 3658 547 3738 descriptionem
570 3667 740 3738 sequuntur
762 3681 821 3739 res,
846 3682 924 3738 quae
946 3668 1081 3724 mortem
1104 3665 1213 3723 afferre
1236 3664 1345 3722 solent.
1366 3664 1432 3721 Has

309 3789 437 3860 uterque
460 3790 551 3861 pocta
573 3789 606 3846 in
629 3789 697 3847 Orci
720 3789 857 3847 saucibus
879 3790 985 3862 ponit:

309 3914 398 3972 Herc.
422 3914 480 3971 fur.
506 3915 569 3973 689
593 3929 658 3986 sqq.

396 4039 567 4096 horrent
589 4053 713 4111 opaca
735 4038 878 4097 fronde
902 4039 1119 4110 nigrantes
1142 4054 1287 4112 comae,

345 4242 366 4310 ¹)
396 4246 486 4311 Heyne
515 4246 547 4296 ad
576 4247 624 4296 hos
643 4261 737 4297 versus
757 4253 884 4297 annotat:
912 4249 1088 4298 »sententiam
1108 4250 1300 4313 interpretatur
1319 4250 1427 4313 Seneca,

306 4336 382 4385 Herc.
399 4336 450 4385 fur.
471 4333 524 4384 675
544 4335 618 4398 sqq.¹’
