3150 5356
743 581 814 642 73'

201 778 313 840 deeset
348 778 434 837 enim
467 776 623 849 significet
657 777 712 835 eut
733 791 843 850 renue,
868 776 974 836 inerte
1001 780 1036 836 ut
1058 779 1137 837 Aen.
1160 777 1231 838 XII.
1258 781 1322 841 780

198 919 288 963 edoce
320 905 400 976 eote,
437 903 500 962 570
528 918 617 962 creec
650 902 788 975 corrodia,
824 902 863 961 ib.
900 902 963 961 679
995 917 1100 962 coerce
1144 903 1246 978 furor,
1282 906 1321 964 ib.

201 1030 263 1087 793
299 1042 388 1087 coeco
413 1027 598 1101 preertde'c;
632 1028 686 1085 eut
720 1026 848 1085 orbatree
883 1025 994 1099 altore
1027 1042 1062 1085 re
1094 1029 1131 1120 ot
1163 1029 1242 1087 Aen.
1266 1028 1322 1089 XI.

201 1153 263 1212 104
306 1151 426 1210 aethere
460 1166 575 1210 coerce.
610 1150 757 1209 Proxime
791 1149 910 1209 accedit
943 1151 1023 1223 quod
1053 1150 1167 1222 legitur
1211 1151 1348 1226 Georg.⁴

198 1275 251 1334 Ν.
278 1276 341 1334 ree
364 1290 410 1348 sq.
1327 1252 1336 1260 “

557 1399 622 1456 turc
645 1412 777 1472 corpore
792 1380 886 1456 'tuce
908 1401 1120 1459 carectum

399 1524 568 1596 teporem
590 1521 672 1581 tectr'e

199 1660 277 1719 quae
306 1645 408 1704 forme
437 1645 557 1720 dicendi
579 1645 611 1703 in
634 1645 795 1719 Oedipodis
818 1646 976 1718 tragoedia
998 1649 1164 1722 usurpatur
1186 1648 1224 1709 de
1247 1649 1323 1710 Orco

200 1784 245 1828 ve.
271 1769 334 1828 254
358 1784 423 1842 sqq.

636 1893 783 1966 quique
807 1896 1022 1954 ventorum
1045 1899 1191 1970 potone

333 2034 483 2092 aequor
505 2018 725 2092 pereleum
748 2017 939 2078 caerulos
961 2035 1104 2080 currus
1134 2022 1224 2094 agis

334 2146 374 2204 et
396 2145 462 2218 qui
485 2146 671 2204 carentes
695 2143 782 2203 trcce
804 2143 992 2219 disponis
1014 2143 1159 2220 domos,

332 2269 485 2329 adeste.

153 2571 158 2581 Ι
198 2498 288 2558 Hero.
313 2498 379 2558 Oet.
405 2499 468 2558 209
492 2514 538 2572 sq.
562 2498 626 2557 Iole
649 2498 687 2558 de
709 2499 796 2572 petre
818 2499 857 2558 ab
878 2498 1011 2559 Hercule
1033 2499 1133 2560 occiso
1155 2500 1244 2560 dicit:

467 2621 616 2696 stipite
638 2621 783 2695 pulsus
807 2624 892 2681 toto
914 2623 1044 2682 iacuit

466 2730 698 2820 sparsus'in
720 2745 836 2816 oute,-

198 2872 242 2931 eie
265 2886 384 2945 quoque
407 2870 527 2932 Cerberi
549 2871 991 2944 formoindicaturaVergilio
1015 2873 1093 2932 Aen.
1107 2872 1159 2932 VI.
1174 2873 1238 2934 423

409 2998 503 3073 toto
526 2997 634 3070 eccere
657 2996 832 3056 extenditur
854 2998 984 3056 eretro.

198 3229 236 3286 In
259 3227 368 3287 eedem
390 3227 550 3300 tragoedia
572 3243 618 3286 vs.
646 3228 728 3286 1271
755 3242 800 3299 eq.
824 3226 973 3286 Hercules
996 3227 1170 3287 exclamet:

513 3351 655 3425 prime
685 3353 724 3410 et
754 3352 847 3409 crete
878 3365 1017 3409 omnes
1047 3351 1146 3409 mihi

375 3475 523 3534 fletum
553 3475 789 3548 abstulisti,

199 3603 381 3676 quibuscum
403 3602 579 3662 conferetur
602 3601 680 3660 Aen.
704 3602 744 3659 H.
769 3601 809 3659 41
835 3615 881 3672 eq.

327 3726 490 3800 primus
513 3724 559 3784 tot
580 3728 673 3784 crete
696 3740 838 3798 omres,
862 3739 982 3798 rodere
1004 3723 1168 3783 eomttcrete
1190 3726 1322 3798 caterve,

331 3849 473 3909 Laocoon
495 3848 609 3935 ardere
631 3863 758 3909 commo
781 3847 918 3907 decurrit
939 3847 980 3907 db
1003 3863 1083 3907 crce.
1134 3884 1136 3888 -

198 4098 327 4171 Thyest.
356 4099 396 4157 74
421 4112 467 4171 eq.

644 4203 831 4276 quisquis
854 4219 969 4265 cetero
991 4205 1103 4265 iaces

422 4325 597 4403 pavidus
622 4327 693 4387 sub
715 4329 845 4402 ceretro,
