3150 5356
751 642 770 698 9

285 826 394 887 ludit
415 829 448 887 et
469 830 618 901 ambiguo
639 829 728 904 lapsu
750 828 916 903 refluitque
938 830 1086 904 fluitque,

286 954 513 1011 occurrensque
536 941 594 999 sibi
615 943 767 1001 venturas
789 940 901 1014 aspicit
922 941 1023 999 undas
1111 972 1118 982 ·-
1186 947 1189 952 '

285 1053 317 1109 et
346 1064 430 1110 nunc
452 1051 494 1110 ad
515 1053 667 1126 fontes,
698 1067 783 1111 nunc
805 1054 846 1110 in
869 1066 977 1111 mare
1000 1065 1150 1110 versus
1172 1053 1317 1124 apertum

287 1163 474 1223 incertas
496 1165 622 1224 exercet
643 1178 781 1236 aquas.

243 1315 311 1375 Hoc
347 1333 469 1390 quoque
501 1317 569 1377 loco
597 1318 723 1392 poetam
746 1317 903 1388 tragicum
925 1316 1071 1376 Ovidium
1093 1317 1245 1375 imitando
1267 1330 1318 1375 ex-

200 1428 368 1499 pressisse
385 1430 469 1488 certe
504 1444 569 1489 non
595 1427 707 1488 multis
731 1427 832 1487 verbis
853 1444 932 1502 opus
953 1429 1003 1488 est
1026 1428 1062 1487 ut
1083 1428 1316 1502 demonstrem,

201 1552 301 1610 quum
323 1540 354 1598 et
375 1555 425 1599 res
447 1540 515 1614 ipsa
536 1542 568 1600 et
589 1540 684 1599 verba
706 1540 918 1599 imItationem
941 1539 1086 1611 arguant.
1113 1538 1171 1598 Sed
1189 1540 1221 1597 et
1235 1538 1318 1598 hanc

199 1648 341 1709 locorum
388 1651 501 1710 seriem
536 1651 738 1725 claudamus,
772 1650 884 1724 quibus
916 1650 967 1709 alii
1000 1649 1094 1709 multi
1126 1650 1196 1710 addi
1228 1649 1318 1709 facile

199 1761 321 1833 possint
350 1763 382 1821 et
415 1763 616 1822 transeamus
647 1764 686 1821 ad
717 1763 811 1821 huius
833 1762 976 1835 opusculi
997 1762 1225 1833 argumentum
1247 1761 1267 1820 i.
1290 1777 1316 1821 e.

199 1873 238 1931 od
271 1872 507 1945 inquisitionem
540 1874 573 1931 in
595 1873 792 1946 Vergilianae
814 1872 1002 1932 imitationis
1024 1872 1137 1931 indicia
1162 1888 1243 1944 quae
1265 1887 1316 1930 ex-

200 1984 272 2042 tant
304 1983 336 2042 in
364 1984 546 2056 tragoediis.
586 1984 631 2043 Ut
663 1985 771 2043 autem
804 1973 996 2056 similitudo,
1029 1984 1118 2056 siqua
1150 1983 1210 2042 erit
1235 1984 1318 2043 inter

199 2094 309 2167 poetae
331 2095 442 2167 tragici
467 2095 656 2167 Vergiliique
678 2110 771 2168 opera
792 2095 896 2167 magis
918 2095 1089 2169 elucescat,
1113 2095 1208 2154 huius
1229 2110 1317 2169 opus-

199 2203 261 2264 culi
271 2206 439 2264 materiam
451 2206 588 2264 dividam
600 2206 632 2264 in
645 2208 749 2280 partes
761 2205 1062 2294 quatuorp„·Quarum
1073 2205 1175 2280 prima
1182 2221 1233 2265 res
1240 2207 1317 2266 trac·

199 2315 288 2391 tabo,
312 2317 425 2388 quibus
446 2317 479 2375 in
501 2317 683 2376 enarrandis
705 2319 798 2391 poeta
819 2316 858 2375 ad
880 2316 1054 2388 Vergilium
1076 2332 1110 2375 se
1122 2317 1315 2391 composuit,

198 2428 337 2487 secunda
369 2429 525 2500 imagines
557 2430 604 2502 ot,
639 2444 718 2500 quae
748 2427 912 2501 dicuntur,
936 2428 1155 2501 metaphoras,
1176 2431 1254 2500 quas
1276 2442 1316 2486 ex

198 2536 281 2596 illius
303 2539 446 2612 operibus
468 2539 621 2613 sumpsit,
648 2539 741 2598 tertia
762 2538 848 2597 locos
870 2540 902 2598 et
924 2537 1019 2596 verba
1042 2553 1121 2610 quae
1143 2538 1230 2613 certa
1251 2537 1316 2596 irni-

198 2648 327 2707 tationis
349 2649 463 2708 indicia
484 2649 650 2723 praebent,
678 2643 944 2722 quartadeuque
966 2664 1020 2707 eos
1042 2649 1397 2723 locos‚:,·'rn·ordu1a,„,

199 2759 429 2819 conscribendis
457 2762 550 2833 poeta
580 2761 643 2820 fere
665 2761 774 2819 eadem
796 2759 954 2819 locutione
977 2776 1038 2833 qua
1060 2760 1217 2833 Vergilius
1239 2775 1316 2820 usus
1370 2754 1377 2789 ⁵

198 2870 256 2930 est.
