3158 5370
769 1774 824 1831 ΙΠ.

281 2040 338 2097 His
371 2040 505 2099 breviter
538 2040 687 2113 expositis
716 2040 780 2097 iam
811 2039 850 2097 sd
872 2040 949 2097 aiios
971 2039 1055 2098 looos
1077 2041 1283 2112 transeamus,
1309 2041 1360 2112 qui

237 2165 323 2222 certa
355 2164 540 2222 imitationis
574 2164 705 2234 vestigia
739 2164 916 2236 ostendunt,
952 2179 1048 2235 quum
1078 2166 1133 2222 aut
1162 2165 1289 2223 easdem
1311 2180 1362 2223 res

238 2288 348 2345 iisdem
391 2288 492 2345 verbis
533 2265 676 2345 nemetes
717 2287 874 2361 exhibent,
910 2289 965 2346 eut
999 2288 1060 2346 aiis
1093 2304 1134 2346 ex
1166 2291 1255 2362 perte
1288 2275 1360 2347 oum

237 2413 364 2484 Vergilii
387 2414 526 2473 versibus
548 2415 734 2487 conspirent.

278 2536 393 2597 'Troas
432 2540 471 2597 15
495 2539 621 2598 Hecuba
643 2540 681 2598 de
704 2541 795 2600 Troia
817 2541 918 2600 diruta
941 2541 1034 2613 atque
1056 2541 1090 2598 in
1112 2541 1248 2601 cinerem
1273 2555 1361 2599 versa

237 2661 330 2719 dicit:

327 2786 465 2844 enolto
487 2787 590 2844 muri
613 2786 723 2844 decoro
746 2789 958 2858 congestis
981 2788 1119 2846 iacent

325 2910 452 2968 tontis
475 2911 621 2985 adusti,

238 3049 316 3107 quae
343 3035 437 3093 verbo
459 3035 564 3109 cuivis,
590 3037 705 3110 opinor,
730 3037 762 3094 in
785 3039 926 3097 mentem
948 3041 1097 3097 revocant
1118 3040 1223 3097 iocum
1234 3039 1360 3098 secundi

240 3158 392 3217 Aeneidos
415 3158 491 3232 libri,
517 3159 567 3217 ubi
591 3175 636 3218 vs.
661 3161 725 3219 448
749 3162 786 3220 de
809 3162 854 3236 iis,
876 3163 928 3235 qui
939 3163 1053 3221 Priami
1065 3179 1170 3222 amem
1181 3165 1358 3237 defendunt,

237 3279 363 3338 dieitur:

372 3407 562 3478 auratasque
587 3407 696 3481 trebes
720 3412 855 3466 veterum
878 3410 1023 3468 decoro
1047 3412 1134 3469 olto
1151 3414 1323 3484 parentum
1425 3391 1429 3396 ⁴

372 3529 533 3588 devolvunt
563 3535 586 3600 ).

240 3692 348 3750 Trono.
377 3693 435 3751 141
462 3693 499 3751 de
522 3693 645 3752 Priamo
668 3695 793 3753 dieitur:

416 3817 534 3887 Sigea
557 3818 707 3890 premis
732 3818 861 3875 litore
885 3819 1063 3875 truncus.

239 3942 318 3997 Aen.
343 3940 382 3996 ΙΙ.
408 3941 470 3998 557
496 3941 533 3998 de
556 3942 666 3999 eodem

351 4093 353 4098 v
414 4066 493 4124 iooet
513 4067 621 4140 insons
646 4067 767 4124 litore
793 4069 970 4124 truncus.

275 4257 297 4322 ¹)
324 4258 430 4312 Decoro
455 4259 512 4306 alta
540 4256 638 4322 legitur
661 4257 742 4306 etiam
772 4256 837 4306 Aen.
869 4257 888 4306 1.
909 4254 961 4305 429
979 4261 1005 4306 et
1025 4257 1094 4319 apud
1117 4255 1215 4325 Silium
1233 4255 1278 4304 111.
1298 4253 1358 4317 144,

238 4346 355 4397 Statium
372 4345 452 4396 Theb.
471 4346 499 4395 V.
517 4344 577 4408 422,
597 4360 711 4410 quorum
722 4351 868 4410 utrumque
880 4346 1025 4410 Vergilium
1035 4347 1170 4395 imitatum
1180 4361 1237 4396 esso
1247 4349 1359 4395 constat.
