3150 5356
729 632 767 689 15

183 819 284 878 Sellus
315 819 460 877 Hectoris
486 833 579 891 opem
601 817 692 876 Trois
714 818 841 875 defense
862 818 911 874 est
932 817 1011 874 Aen.
1035 816 1092 874 IX.
1118 816 1193 888 155,

224 929 358 1003 (Danai),
382 926 531 988 decimum
554 945 631 1003 quos
652 923 770 986 distulit
789 923 906 985 Hector
927 925 959 985 iu
981 943 1108 985 aunum.

181 1040 260 1098 Aen.
283 1040 337 1098 XI.
361 1041 423 1099 290
445 1042 504 1098 hoc
526 1040 651 1097 Aeneae
674 1054 797 1111 quoque
819 1039 982 1098 tribuitur:

266 1147 411 1210 Hectoris
436 1147 615 1226 Aeneaeque
636 1166 730 1208 ruauu
751 1147 878 1209 or'etorio
904 1144 1035 1208 Graium

266 1259 363 1320 haesit
383 1267 411 1319 et
431 1260 462 1319 iu
485 1259 634 1320 decimum
656 1259 786 1339 vestigia
808 1258 920 1320 rettulit
940 1278 1065 1320 ouuuru.

182 1374 231 1432 Ita
253 1372 338 1431 Ovid.
361 1373 487 1432 Metam.
510 1373 595 1431 XIII.
618 1373 689 1430 665.

266 1480 337 1541 Nou
359 1481 408 1542 lic
429 1480 551 1543 Aeneas
573 1501 633 1541 nou
657 1528 1170 1543 .................

267 1590 383 1652 Hector
404 1599 484 1668 erat,
502 1600 562 1671 per
583 1613 661 1670 quos
683 1592 832 1653 decimum
855 1591 995 1653 durastis
1016 1594 1047 1654 iu
1069 1613 1194 1654 anuum.

223 1836 337 1907 Agum.
361 1836 422 1894 466
445 1851 511 1907 sqq.
535 1835 669 1908 procella
691 1835 873 1893 describitur
896 1849 957 1905 qna
983 1834 1015 1892 in
1030 1850 1063 1893 re
1075 1835 1176 1894 multu
1188 1836 1299 1895 insunt

182 1962 261 2017 quoe
293 1947 405 2005 docent
427 1949 537 2019 poetae
558 1947 677 2018 tragico
700 1946 826 2017 Vergilii
848 1945 981 2004 eundem
1003 1946 1243 2019 descriptionem
1276 1944 1299 2018 ¹)

182 2058 255 2115 ante
278 2056 385 2115 oculos
405 2058 501 2117 fuisse
524 2074 569 2116 vs.
592 2058 770 2116 itt-484.
793 2057 888 2114 Venti
911 2059 1139 2116 enumerantur
1161 2063 1198 2118 ut
1218 2059 1298 2117 Aen.

182 2167 205 2226 Ι.
240 2168 381 2239 82-863
414 2167 490 2226 lune
512 2169 671 2227 conditur:
702 2167 841 2241 „inferna
863 2183 927 2227 nox
950 2165 1019 2227 est’'
1045 2185 1089 2228 vs.
1112 2170 1298 2243 471-473,

181 2278 260 2353 492,
294 2280 331 2336 ut
362 2279 441 2337 Aen.
476 2294 522 2337 vs.
546 2279 602 2353 88,
627 2279 684 2350 89;
708 2281 799 2337 tonat
821 2281 854 2337 et
875 2279 1024 2339 fulminat
1046 2296 1093 2339 vs.
1117 2281 1194 2354 495,
1219 2282 1296 2341 Aen.

181 2405 227 2448 vs.
251 2390 309 2462 903
332 2405 430 2448 neves
452 2389 600 2448 fluctibus
622 2392 781 2448 vexantur
805 2404 850 2448 vs.
874 2390 1051 2464 let-ooo,
1074 2391 1153 2449 Aen.
1176 2408 1223 2451 vs.
1239 2393 1297 2451 102

188 2500 295 2558 -123,
329 2499 443 2572 Magna
469 2516 510 2558 err
535 2503 619 2574 purte
640 2501 717 2559 haec
739 2501 912 2560 similitudo
934 2503 1038 2575 potest
1059 2517 1129 2560 esse
1150 2503 1296 2578 fortuito,

182 2610 263 2681 quod
285 2610 434 2668 hocloco
456 2626 525 2669 rem
549 2611 684 2683 pingunt
706 2612 834 2684 poetae,
858 2626 921 2669 non
944 2610 1079 2684 fingunt.
1110 2614 1147 2671 In
1170 2612 1232 2672 line
1254 2616 1296 2672 to-

180 2737 254 2779 men
277 2722 493 2794 descriptioms
515 2721 666 2795 procellae
688 2721 862 2794 Eurybates
884 2723 959 2780 dicit
980 2724 1104 2795 (Ag-cm.
1128 2725 1188 2782 512
1201 2730 1296 2796 sqq.):

222 2832 322 2904 Quid
351 2831 441 2891 futu
467 2834 659 2905 possunt!
688 2832 860 2891 Invidet
888 2833 1075 2906 Pyrrhus
1104 2836 1222 2908 patri,

222 2942 339 3001 Aiuci
366 2943 527 3017 Ulixes,
557 2943 725 3001 Hectori
755 2944 923 3002 Atrides
954 2945 1102 3020 minor,

222 3054 471 3125 Agamemno
498 3053 677 3112 PrIamo:
708 3053 904 3125 quidquid
926 3055 971 3113 ad
994 3055 1155 3115 Troiam
1176 3056 1283 3115 iacet

222 3163 324 3222 felix
354 3165 543 3237 vocatur,
572 3165 704 3223 cudere
734 3165 799 3236 qui
825 3167 979 3224 meruit
1001 3167 1144 3241 gradu,

223 3291 336 3346 quem
365 3274 650 3349 semetsemet,
679 3276 791 3334 victu
813 3291 932 3348 quem
959 3275 1088 3336 tellus
1114 3279 1232 3352 tegit,

181 3387 293 3457 quibus
315 3386 417 3445 verbis
439 3387 631 3458 expcesstsse
654 3387 775 3445 videtur
796 3387 905 3460 poeto,
929 3388 1007 3446 Aen.
1031 3388 1054 3445 l.
1078 3388 1118 3446 94
1140 3404 1218 3463 sqq„
1234 3390 1295 3463 ubi,

181 3497 380 3568 naufragium
402 3497 536 3571 faciens,
559 3496 683 3555 Aeneas
705 3497 882 3556 exclamat:

670 3602 698 3664 0
720 3612 823 3683 terque
845 3612 1008 3686 quaterque
1029 3605 1121 3683 beati,

265 3715 335 3794 quis
356 3722 425 3775 aute
446 3735 504 3776 ora
522 3716 649 3793 potrum
661 3728 664 3736 ⁴
677 3714 786 3777 Troiae
806 3715 864 3776 sub
886 3717 1042 3779 moenibus
1063 3718 1134 3779 altis

264 3826 391 3906 contigit
411 3831 570 3905 oppetere!
593 3824 638 3899 Ο,
661 3825 811 3888 Dauauru
823 3827 1003 3907 fortissime
1020 3830 1142 3909 gentis,

270 3933 408 4012 Tydide!
426 3957 511 3998 rueue
532 3937 636 4000 Iliacis
658 3939 832 4000 occumbere
853 3940 970 4019 eampis

264 4066 324 4106 uou
341 4048 479 4125 potuisse
500 4056 610 4128 tuoque
631 4051 768 4113 oueuearu
789 4051 869 4113 haue
890 4052 1047 4132 effundere
1068 4053 1202 4116 dextra?

263 4178 375 4218 saevus
396 4158 450 4220 ubi
469 4157 623 4220 Aeacidae
644 4160 700 4220 telo
722 4162 798 4223 iacet
818 4162 953 4240 Hector,
976 4164 1030 4225 ubi
1048 4166 1158 4244 eugeus

179 4294 331 4302 —

218 4376 238 4433 ¹)
257 4375 317 4421 Aen.
336 4372 356 4420 Ι.
375 4372 407 4420 82
424 4388 474 4436 sqq.
