3150 5356
827 611 844 666 2

280 796 347 853 tota
369 795 530 853 niteretur.
553 794 699 866 Reliquos
721 797 828 853 autem
851 811 963 854 omnes
986 811 1085 854 novos
1107 799 1215 869 poetas
1238 798 1392 870 Vergilius

277 906 442 980 tantopere
464 906 652 964 auctoritate
673 907 821 976 anteibat,
846 908 964 978 quanto
980 909 1011 965 et
1026 908 1126 981 operis
1138 910 1293 982 praecipui
1305 925 1394 981 argu·

276 1018 385 1075 mento
418 1019 450 1075 et
484 1018 621 1090 poeticae
651 1017 810 1076 facultatis
839 1017 1001 1090 splendore
1033 1018 1248 1078 Romanorum
1275 1021 1391 1078 animis

277 1129 394 1199 gratior
422 1127 483 1186 illis
512 1129 726 1201 acceptiorque
748 1131 825 1186 erat.
848 1105 1069 1202 Quumigitur
1091 1146 1164 1204 prae
1186 1131 1297 1189 ceteris
1323 1131 1391 1189 Ver-

277 1238 342 1309 gilii
364 1240 504 1298 carmina
525 1239 698 1297 ediscerent
719 1239 861 1312 discipuli
875 1255 911 1298 ac
926 1242 1109 1300 memoriter
1120 1243 1304 1314 recitarent,
1321 1243 1391 1299 tum

277 1349 316 1407 ad
338 1350 478 1408 eiusdem
502 1351 686 1424 praesertim
709 1351 802 1408 verba
825 1352 857 1408 et
880 1353 1072 1425 structurae,
1086 1354 1239 1410 memoria
1250 1355 1390 1426 recepta,

276 1462 502 1532 grammaticae
523 1461 608 1532 leges
629 1463 662 1519 et
682 1462 845 1533 praecepta
866 1461 978 1520 referre
999 1461 1149 1520 solebant.
1173 1463 1263 1521 Pueri
1282 1465 1391 1523 autem

276 1569 403 1642 Vergilii
435 1572 561 1630 assidua
590 1572 722 1630 lectione
751 1572 931 1646 exercitati,
959 1572 1150 1644 simulatque
1172 1574 1204 1630 in
1227 1575 1390 1633 rhetorum

275 1682 400 1741 scholas
421 1684 631 1759 transierunt,
655 1698 738 1741 nova
760 1683 921 1755 disciplina
942 1684 987 1741 ita
1009 1684 1103 1756 vulgo
1126 1686 1388 1760 instituebantur,

275 1795 312 1851 ut
333 1808 374 1851 ex
396 1794 507 1853 iisdem
529 1794 733 1867 carminibus,
758 1808 837 1864 quae
859 1795 1019 1854 mentibus
1040 1796 1160 1854 dudum
1175 1797 1388 1870 inhaererent,

274 1905 420 1977 exempla
448 1921 467 1964 a
494 1905 718 1979 professoribus
748 1907 928 1978 peterentur
957 1907 995 1964 ad
1016 1907 1188 1965 rhetoricae
1210 1909 1287 1965 artis
1309 1923 1390 1981 prae-

275 2017 365 2088 cepta
396 2014 589 2074 illustranda.
625 2015 673 2073 Sic
699 2016 790 2074 iuxta
812 2016 1003 2090 Homerum,
1027 2016 1183 2089 Vergilius
1205 2019 1389 2091 praecipuus

274 2125 345 2184 fons
367 2127 450 2200 erat,
473 2141 514 2183 ex
536 2141 597 2197 quo
619 2128 687 2184 tarn
709 2127 881 2184 rhetoricae
903 2128 1078 2186 sententiae
1096 2131 1128 2186 et
1142 2127 1276 2203 figurae,
1293 2145 1389 2201 quam

275 2220 762 2325 argumentadeclamationibus
782 2239 856 2309 apta
878 2238 1110 2297 hauriebantur.

316 2349 400 2424 Quae
432 2364 532 2421 quum
564 2350 609 2407 ita
637 2350 759 2420 essent,
786 2348 853 2407 fieri
875 2364 939 2407 non
961 2350 1079 2424 potuit,
1103 2349 1178 2420 quin
1201 2350 1303 2420 quivis
1324 2350 1388 2408 fere

275 2462 370 2519 horno
392 2461 571 2535 Romanus,
595 2461 734 2533 priorum
756 2475 833 2519 sane
855 2459 1024 2519 (laesarum
1046 2461 1200 2534 aequalis,
1224 2461 1277 2532 qui
1291 2462 1387 2518 omni-

277 2573 336 2631 bus
367 2573 517 2630 doctrinis
545 2572 686 2630 eruditus
714 2574 813 2645 esset,
843 2573 955 2643 quibus
977 2571 1103 2644 puerilis
1125 2581 1213 2630 aetas
1235 2572 1387 2644 impertiri

274 2683 403 2757 soleret,
434 2698 534 2754 quum
562 2683 627 2755 ipse
656 2683 695 2740 ad
718 2683 917 2741 scribendum
939 2684 1084 2740 animum
1107 2683 1291 2756 appulisset,
1315 2684 1385 2741 Ver-

272 2793 388 2864 giliana
409 2794 520 2867 verba,
542 2793 726 2866 locutiones,
750 2794 924 2851 sententias
946 2794 1035 2863 quasi
1057 2807 1114 2851 sua
1126 2795 1237 2865 sponte
1248 2795 1386 2851 sermoni

271 2917 329 2962 suo
351 2905 510 2963 insereret.

314 3014 359 3073 Ut
387 3018 496 3075 autem
525 3030 619 3088 supra
648 3016 741 3074 verbo
768 3017 895 3089 monui,
918 3016 1000 3074 docti
1024 3017 1082 3074 viri
1103 3016 1187 3074 haud
1209 3017 1299 3088 pauci
1321 3017 1385 3075 iam

271 3125 300 3182 id
333 3129 465 3198 egerunt
497 3131 533 3186 ut
566 3128 647 3199 apud
682 3128 784 3186 varios
817 3128 984 3198 argenteae
1017 3127 1197 3185 Latinitatis
1219 3128 1385 3200 scriptores

272 3236 441 3309 Vergiliani
470 3241 625 3299 sermonis
654 3239 866 3298 imitationem
888 3239 937 3297 vel
960 3239 1125 3296 voluntate
1147 3240 1179 3296 et
1201 3239 1313 3296 iudicio
1336 3238 1385 3295 vel

270 3349 399 3408 fortuito
421 3352 453 3409 et
474 3353 593 3410 temere
614 3352 731 3409 factam
754 3350 982 3421 investigarent
1005 3350 1276 3420 ostenderentque.
1310 3347 1384 3422 Quo·

270 3476 343 3519 rum
364 3463 546 3535 exemplum
569 3465 712 3535 secutus,
736 3462 876 3519 eiusdem
892 3459 1079 3519 imitationis
1094 3461 1227 3531 vestigia
1238 3459 1384 3530 indagare

270 3573 302 3630 et
331 3572 466 3630 indicare
495 3573 573 3631 mihi
595 3573 740 3645 proposui
763 3573 795 3628 in
817 3571 995 3642 Tragoediis
1018 3572 1123 3643 obvia,
1148 3585 1226 3640 quae
1249 3570 1383 3628 Senecae

272 3683 365 3754 vulgo
394 3684 515 3742 auctori
544 3683 752 3741 ascribuntur.
784 3681 868 3754 Quae
891 3681 1049 3751 inquisitio
1073 3695 1171 3750 quum
1194 3679 1382 3749 adTragoe-

267 3796 389 3854 diarum
426 3794 550 3853 illarum
586 3788 734 3852 naturam
770 3794 853 3849 recte
886 3791 1117 3848 aestimandam
1150 3790 1233 3848 haud
1262 3788 1382 3846 inutilis

266 3906 405 3977 putanda
433 3906 489 3978 sit,
520 3906 591 3962 tum
612 3902 843 3974 aliquantulum
866 3903 949 3960 certe
971 3901 1109 3959 conferre
1130 3902 1234 3973 potest
1255 3900 1294 3957 ad
1317 3901 1380 3958 vim

267 4017 300 4099 et
331 4015 552 4073 auctoritatem
581 4013 803 4086 intellegenda,
827 4027 906 4084 quae
928 4013 1008 4085 apud
1030 4012 1248 4084 imperatoriae
1270 4011 1383 4069 aetatis

268 4126 434 4197 scriptores
455 4124 582 4195 Vergilii
603 4124 785 4197 exemplum
808 4124 954 4182 habuisse
976 4125 1110 4182 constat.

310 4235 553 4306 Tragoediarum
584 4234 710 4293 illarurn
739 4236 901 4293 auctorem
937 4267 965 4274 -
993 4218 1059 4292 sive
1080 4235 1107 4291 is
1131 4233 1248 4290 Seneca
1269 4233 1379 4305 fuerit,

267 4347 333 4404 sive
361 4345 430 4416 quis
452 4345 531 4404 alius
559 4377 584 4386 -
616 4345 743 4418 Vergilii
763 4346 896 4405 lectione
918 4360 982 4403 non
1004 4345 1199 4404 mediocriter
1221 4344 1381 4402 imbutum
