3150 5356
292 770 370 828 Aen.
394 769 447 826 VI.
473 769 533 826 421

468 892 520 950 itte
542 890 627 964 ferree
649 891 801 951 rubida
825 893 887 951 triu
907 896 1040 966 uutturu
1057 893 1212 966 peredeus.

291 1137 420 1195 Phaedr.
445 1138 509 1196 955
533 1152 577 1209 sq.

469 1275 573 1319 nune
596 1261 685 1318 atra
707 1260 846 1318 ventis
869 1260 1010 1320 nubila
1031 1259 1347 1332 impellentibus

469 1383 685 1442 subtexere
707 1386 870 1457 ubetem,

291 1509 323 1565 et
344 1508 460 1565 Phoen.
487 1508 550 1566 422

424 1631 514 1688 atra
536 1631 637 1689 nube
659 1631 878 1688 subtexens
902 1630 1301 1704 dtem'Stymphalis3

291 1754 369 1812 Aen.
393 1755 448 1812 HI.
474 1756 536 1813 581
561 1770 607 1828 sq.

974 1881 1136 1939 tutrerxere
1160 1895 1282 1939 breuem

378 2019 540 2062 murmure
563 2004 761 2062 Triuueru‘um
783 2006 812 2061 et
832 2003 987 2062 eueturu
1009 2005 1223 2063 subtexere
1244 2004 1364 2078 surus.

290 2126 452 2196 Forbigero
475 2127 599 2184 auctore
621 2126 774 2198 Vergilius
796 2126 974 2185 Lucretium
996 2127 1045 2184 est
1067 2128 1199 2200 secutus,
1224 2127 1276 2198 qui
1295 2126 1331 2182 V.
1350 2127 1414 2185 166

289 2249 383 2308 habet
403 2248 571 2307 subtexunt
590 2249 701 2307 uubu'ut
723 2248 851 2307 suetum.

289 2374 371 2431 [tem
404 2373 545 2431 Valerius
578 2373 706 2431 Flaccus
729 2368 760 2446 ¹),
795 2372 913 2431 Statius
934 2375 966 2446 2),
1002 2374 1146 2432 Lucanus
1174 2378 1202 2445 ³),
1227 2372 1308 2445 apud
1320 2387 1415 2445 quem

289 2498 402 2570 legitur
423 2498 508 2572 ferro
531 2479 705 2557 subtexitur
727 2498 840 2556 uetber.

291 2745 419 2817 Thyest.
445 2746 508 2805 519

422 2871 597 2942 ponatur
620 2869 749 2926 eruuts
772 2869 847 2940 tra,
872 2870 911 2926 et
934 2882 982 2926 ex
1005 2869 1138 2927 animo
1164 2871 1296 2926 tumor

422 3008 566 3051 erasus
589 2994 716 3052 abeat.

289 3114 388 3174 Simili
410 3116 589 3189 pleonasme
614 3120 717 3176 tumor
739 3118 771 3175 et
793 3118 844 3175 tra
855 3118 1085 3189 coniunguntur
1108 3118 1185 3176 Aen.
1199 3117 1281 3176 VIII.
1306 3119 1349 3176 40
1362 3133 1409 3190 sq.

693 3243 824 3299 turuor
847 3242 977 3299 breuis
1000 3244 1036 3299 et
1057 3242 1145 3299 true
1259 3288 1267 3303 s

423 3380 591 3423 eeueessere
615 3365 715 3423 deum.

333 3700 392 3758 Sed
415 3701 479 3759 iam
501 3701 578 3759 satis
601 3701 731 3773 longum
752 3703 812 3760 iter
834 3703 954 3761 emensi
965 3702 1062 3762 linem
1073 3705 1202 3762 taudem
1212 3706 1413 3778 imponamus

288 3825 359 3883 huie
393 3825 538 3898 opusculo
562 3825 654 3896 atque
673 3840 815 3898 eaquae
839 3826 976 3898 dispersa
998 3826 1107 3885 multis
1128 3827 1203 3885 loeis
1226 3827 1412 3898 singillatim

287 3949 497 4022 exposuimus,
521 3949 586 4006 iam
608 3950 797 4020 congregata
815 3948 966 4007 lecturum
974 3949 1070 4008 oeulis
1083 3950 1289 4009 subiieiamus.
1304 3949 1411 4024 Capite

288 4073 387 4145 primo
418 4073 510 4143 igitur
534 4073 667 4131 vidimus
689 4072 861 4146 permultos
887 4073 971 4130 loeus
992 4073 1026 4130 in
1047 4073 1214 4144 tragoediis
1236 4075 1353 4148 extare,
1377 4076 1412 4134 in

329 4313 348 4380 ¹)
370 4317 662 4368 Va1.F1acc.v.4lu
699 4318 1011 4384 ⁸)stat.silv.1.127.
1047 4318 1337 4386 ⁸)LueauV11.519.
