3150 5356
773 573 919 652 11Ι

197 743 200 750 ’
230 757 284 815 Vs.
309 757 370 816 439
394 773 458 831 sqq.
532 823 534 827 ,

356 869 501 929 Partes
527 870 612 929 tere
641 888 719 930 nox
748 872 852 932 alma
878 876 1110 933 transierat
1137 877 1240 935 duas

356 981 592 1053 clarumque
615 986 773 1057 septem
795 985 1343 1059 verte1·antstellaeiugum;

356 1093 496 1183 ignota
525 1094 689 1153 tandem
719 1096 834 1155 verrit
860 1096 1053 1156 afflictae
1080 1099 1196 1169 quies

355 1205 574 1277 brevisque
604 1206 734 1265 sessis
763 1223 931 1267 somnus
961 1210 1146 1282 obrepsit
1172 1212 1288 1281 genis

355 1316 388 1374 si
417 1331 586 1376 somnus
615 1317 685 1376 ille
706 1321 769 1378 est
791 1321 942 1379 mentis
964 1321 1178 1380 attonitae
1200 1324 1345 1396 stupor

227 1427 260 1484 et
281 1426 360 1484 Aen.
385 1428 424 1485 Π.
448 1428 518 1486 268.

359 1533 487 1615 Tempus
508 1545 588 1613 eret,
612 1558 672 1617 quo
688 1538 796 1617 prima
818 1539 904 1618 quies
925 1538 1108 1600 mortalibus
1131 1540 1239 1619 aegris

354 1645 457 1726 incipit
477 1654 505 1708 et
525 1647 606 1710 douo
628 1647 733 1710 diuum
751 1649 940 1728 gratissima
962 1650 1066 1729 serpit.

228 1760 265 1819 ut
296 1761 451 1833 Vergilius
483 1763 584 1823 utitur
617 1765 710 1822 verbo
742 1769 880 1840 serpere,
917 1765 963 1823 ita
996 1767 1087 1838 poeta
1109 1767 1249 1837 tragicus
1270 1766 1345 1824 dicit

227 1887 371 1929 somnum
393 1868 535 1948 obrepere
554 1871 655 1949 genis.

270 1981 352 2042 Turn
367 1985 448 2057 apud
464 1987 634 2057 utrumque
649 1981 749 2043 subz'to
763 1983 907 2046 Hectoris
924 1989 1036 2046 umbra
1047 1992 1117 2046 ante
1127 1985 1230 2046 oculos
1242 1984 1343 2045 adest:

227 2095 337 2154 Troad.
361 2096 432 2154 443.

311 2222 399 2265 cum
421 2207 558 2267 subito
580 2209 747 2267 nostras
762 2201 924 2267 ‘Hector
943 2211 1032 2267 ente
1052 2204 1191 2288 orgulos
1207 2209 1342 2282 stetit,

226 2318 305 2375 Aen.
329 2318 368 2376 Π.
392 2318 463 2376 270.

353 2424 391 2486 In
412 2426 530 2487 sorum's
551 2446 615 2488 ecee
636 2433 705 2488 ente
726 2427 829 2488 oeulos
850 2425 1074 2488 moestissimus
1095 2425 1213 2488 Hector

352 2521 568 2599 vr'sus'edesse
589 2537 673 2599 milri.

268 2650 338 2710 Non
360 2654 471 2711 tamen
494 2653 685 2725 conspicitur
707 2652 819 2723 iugens
841 2652 891 2710 ille
914 2651 1053 2726 bellator,
1077 2653 1219 2710 hostiurn
1234 2652 1344 2721 terror,

227 2764 280 2835 qui
312 2763 493 2823 Patroclum
515 2762 643 2836 vicerat,
668 2763 721 2821 sod
744 2762 860 2822 Hector
884 2763 1069 2822 vulneratus
1091 2765 1123 2822 et
1144 2764 1267 2822 tractus
1290 2763 1343 2821 cir·

227 2890 302 2934 oum
324 2876 431 2934 castra
449 2874 530 2946 bigis
551 2873 699 2932 Achillis:

225 2986 336 3047 Troad.
359 2986 420 3045 444
443 3000 509 3057 sqq.

308 3097 392 3157 Non
423 3098 564 3170 quatis
593 3098 704 3157 ultro
731 3097 841 3156 bella
869 3098 909 3156 in
932 3097 1113 3170 Argivos
1141 3097 1280 3156 ferens

310 3208 457 3268 Graias
483 3209 655 3282 petebat
684 3209 852 3268 facibus
881 3209 1019 3267 idaeis
1045 3211 1156 3267 rates

310 3337 381 3380 nec
409 3321 530 3380 caede
559 3320 689 3380 muita
718 3319 854 3393 qualis
882 3320 922 3378 in
944 3320 1105 3379 Danaos
1133 3319 1275 3378 furens
1371 3306 1373 3309 ’

309 3448 407 3492 vera
435 3446 481 3492 ex
509 3427 671 3490 Achille
698 3431 829 3504 spolia
856 3430 1057 3489 simulato
1083 3430 1194 3490 tulit.

224 3546 303 3605 Aen.
325 3545 365 3604 H.
388 3545 449 3603 273
472 3559 539 3635 sqq.

351 3651 414 3713 Hei
435 3651 527 3725 milri,
551 3650 652 3731 qualis
673 3658 753 3725 erut,
777 3656 925 3729 quantum
947 3657 1083 3711 mutatus
1104 3649 1143 3711 ab
1165 3649 1201 3710 rll

350 3762 499 3841 Hectore,
522 3763 579 3842 qui
596 3761 677 3824 redit
697 3762 823 3824 exuvies
845 3760 970 3823 r‘udutus
991 3758 1108 3823 Achilli

351 3874 400 3936 vel
417 3873 568 3937 Danaum
590 3872 752 3954 Phrygius
773 3872 925 3935 eiaculatus
940 3870 1094 3952 puppibus
1116 3869 1214 3950 ignes.

267 3989 404 4061 (Vergilii
426 3989 513 4048 locus
539 4002 662 4060 quoque
684 3988 716 4045 111
738 3987 981 4061 Agamemnone
1003 4001 1172 4062 expressus
1183 4001 1252 4046 esse
1263 3985 1342 4044 vide

224 4104 275 4162 tur
296 4101 349 4161 ubi
370 4098 544 4159 Cassandra
565 4099 602 4158 de
624 4099 774 4173 Hectore,
797 4115 845 4158 vs.
870 4099 930 4157 793
954 4114 1021 4172 sqq.

627 4208 790 4284 Frater,
821 4209 1023 4269 auxilium
1049 4210 1256 4281 Phrygum

309 4322 536 4394 Terrorque
559 4321 756 4395 Danaum,
780 4336 858 4380 non
882 4335 950 4394 ego
975 4321 1194 4393 antiquum
1224 4319 1341 4378 decus
