3150 5356
786 609 827 677 84

423 811 447 887 Ι,
471 812 550 872 vado
572 812 656 886 liber,
680 811 792 871 liberos
814 813 911 872 Troas
935 813 1005 872 vide

425 936 560 1010 liberque
577 940 713 1010 putrem.
737 938 814 1012 Quid
836 952 924 997 meos
945 939 1061 997 retines
1083 939 1171 998 sinus

424 1075 597 1134 manusque
619 1062 748 1120 matris?

291 1204 382 1263 Miror
414 1203 500 1261 enim
533 1204 769 1277 Astyanactem,
805 1204 842 1262 de
876 1219 935 1276 quo
968 1220 1022 1277 per
1048 1205 1151 1263 totam
1172 1207 1365 1278 tragoediam

248 1330 358 1403 agitur,
393 1344 457 1387 non
489 1328 549 1386 nisi
572 1329 631 1386 duo
655 1329 749 1387 verba
770 1329 853 1401 loqui
878 1318 976 1401 eaque
999 1331 1067 1388 tam
1089 1330 1180 1402 parvi
1202 1333 1367 1404 momenti;

181 1505 184 1514 .
248 1469 326 1526 quae
359 1469 410 1512 res
441 1453 513 1512 fecit
535 1455 570 1511 ut
599 1454 696 1511 etiam
715 1454 888 1512 Gronovius
919 1454 1037 1513 deleret
1059 1455 1136 1513 haec
1159 1456 1297 1514 nomina.
1320 1456 1370 1514 Sic

248 1592 367 1650 quoque
388 1577 497 1651 Peiper
518 1579 551 1636 et
573 1578 698 1637 Richter
721 1580 928 1652 scripserunt:

425 1703 449 1777 Ι,
474 1704 553 1762 vade
575 1704 659 1777 liber,
684 1703 795 1762 liberos
818 1704 914 1763 Troas
940 1704 1007 1762 vide
1038 1736 1067 1744 -

426 1827 569 1886 miserere
592 1831 693 1885 muter
722 1859 752 1868 -
782 1829 854 1899 quid
876 1842 964 1886 meos
986 1827 1102 1886 retines
1125 1827 1234 1885 sinus?

294 1951 395 2010 Verba
415 1952 560 2011 miserere
578 1954 684 2010 muter·
698 1967 805 2011 secum
827 1951 911 2024 loqui
933 1952 1071 2025 putanda
1083 1954 1132 2010 est
1144 1951 1371 2010 Andromache.

223 2077 293 2134 ·At
325 2075 387 2134 alia
418 2089 476 2134 res
501 2075 575 2148 facit
596 2076 632 2132 ut
653 2075 736 2133 hunc
758 2074 862 2133 locum
884 2075 1064 2148 suspectum
1082 2075 1224 2132 habeam.
1256 2076 1372 2134 Andro-

249 2199 360 2258 mache
404 2198 497 2271 enim,
541 2212 620 2255 uxor
652 2198 880 2271 amantissima,
912 2212 976 2256 non
1006 2199 1200 2258 mentionem
1229 2201 1307 2258 iacit·
1335 2201 1373 2259 de

248 2323 390 2396 Hectore,
425 2324 512 2382 cuius
544 2321 616 2380 alibi
639 2338 761 2397 semper
783 2323 928 2381 meminit
949 2324 981 2382 et
1003 2324 1054 2396 qui
1077 2325 1127 2382 hic
1150 2339 1241 2395 aegre
1261 2325 1371 2382 deside-

248 2449 344 2520 retur,
379 2447 430 2505 ubi
458 2450 560 2505 muter
589 2447 754 2519 alloquitur
777 2449 889 2520 sillum.
914 2448 1000 2522 Quod
1022 2448 1048 2506 si
1066 2448 1181 2522 fecerit,
1202 2448 1301 2505 maior
1323 2447 1373 2504 vis

249 2571 374 2630 accedet
397 2573 506 2645 verbis,
527 2586 605 2643 quae
618 2574 802 2643 sequuntur:
819 2572 910 2646 „quid
921 2587 1003 2630 meos
1014 2572 1129 2631 retines
1141 2572 1236 2645 sinus,
1249 2586 1372 2629 manus-

184 2739 187 2743 .
250 2710 309 2767 que
341 2695 486 2754 mctrts.''
532 2697 659 2755 Accedit
680 2699 760 2769 quod
779 2698 879 2756 verbis
897 2698 1040 2756 miserere
1064 2698 1174 2755 matris
1198 2669 1261 2755 iam
1280 2712 1374 2769 supra

250 2821 296 2879 bis
318 2834 393 2878 usus
414 2822 462 2879 est
483 2823 575 2893 poeta
598 2836 645 2878 vs.
671 2822 744 2895 702,
770 2821 844 2880 705.

673 3069 786 3144 Agam.
812 3073 884 3132 273.
909 3087 954 3145 sq.

385 3228 511 3302 deuouit
531 3229 682 3289 Helenae:
707 3232 813 3290 iuncta
834 3231 973 3290 Menelao
995 3231 1083 3303 redit,

386 3370 464 3428 quae
485 3355 642 3428 Europam
664 3357 697 3414 et
719 3358 828 3415 Asiam
850 3356 975 3429 paribus
996 3355 1109 3413 afflixit
1131 3353 1232 3412 malis.

253 3482 303 3541 Ad
336 3482 429 3540 verba
460 3480 577 3552 ippone
609 3479 746 3539 Helenae
779 3480 968 3538 desideratur
1001 3478 1172 3536 subiectum
1203 3476 1371 3548 Menelaus,

253 3606 334 3679 quod
367 3604 470 3663 omitti
504 3619 567 3662 non
600 3607 711 3678 potest,
747 3620 843 3677 quum
869 3605 902 3662 in
925 3602 1074 3676 prioribus
1096 3601 1234 3660 versibus
1257 3601 1294 3658 de
1320 3600 1373 3659 illo

254 3747 317 3790 non
350 3745 453 3789 sermo
475 3730 575 3804 fuerit,
600 3731 654 3789 sed
684 3731 721 3789 de
743 3730 809 3789 iure
831 3745 942 3801 regum
963 3729 996 3786 in
1019 3728 1165 3798 coniuges
1188 3740 1270 3784 suas.
1294 3726 1371 3796 Aga·

253 3870 457 3917 memnonem
490 3856 539 3914 his
561 3857 673 3943 ¹verbis
707 3872 770 3914 non
799 3855 1043 3928 intellegendum
1066 3868 1133 3912 esse
1156 3852 1243 3925 patet
1265 3865 1305 3909 ex
1326 3850 1373 3923 iis,

254 3997 334 4056 quae
356 3981 521 4054 respondet
543 3982 729 4052 Aegisthus:

343 4104 398 4163 sed
420 4104 508 4163 nulla
530 4107 658 4165 Atriden
682 4121 794 4166 venere
816 4107 930 4165 furtivo
954 4102 1089 4175 abstulit,

344 4243 400 4288 nec
423 4231 504 4302 cepit
525 4231 667 4290 animum
689 4232 812 4303 coniugi
834 4231 1016 4290 obstrictum
1039 4243 1122 4287 suae.

197 4338 200 4343 ⁴
254 4355 455 4417 scribendum
476 4367 570 4440 igitur
592 4378 702 4422 censeo
