3150 5356
774 622 792 677 5

351 809 459 869 fraude
481 810 530 868 est
552 809 700 882 adeptus,
723 809 831 868 fraude
853 810 991 869 turbavit
1012 810 1153 870 domum.

352 921 409 979 Est
430 920 553 994 Pelopis
576 919 649 979 altis
671 921 773 980 nobile
795 921 827 979 in
851 920 984 980 stabulis
1005 937 1110 995 pecus,

353 1047 488 1092 arcanus
509 1033 605 1106 aries,
629 1032 740 1091 ductor
762 1031 901 1105 opulenti
924 1033 1047 1106 gregis3

353 1143 448 1202 huius
470 1158 640 1216 peremne
662 1157 775 1216 eorpus
796 1143 895 1202 effuso
917 1157 1009 1202 coma

354 1254 507 1328 dependet
529 1269 605 1312 auro
634 1286 662 1294 -
697 1254 730 1294 -'
761 1286 1233 1296 --------

269 1477 330 1535 234
352 1478 437 1536 bunc
459 1477 582 1536 facinus
603 1477 717 1548 ingens
739 1491 854 1550 ausus,
877 1479 1043 1548 assumpta
1065 1477 1097 1535 in
1120 1476 1223 1536 scelus

352 1590 497 1647 conserte
523 1588 624 1647 nostri
646 1586 783 1661 perfidus
805 1588 940 1646 thalami
962 1588 1098 1646 avehit.-

266 1699 303 1756 In
326 1699 406 1758 Attii
428 1700 516 1758 Atrei
537 1700 717 1771 fragmento
740 1695 798 1773 VI,
821 1714 851 1773 p.
877 1699 935 1757 137
958 1699 1063 1773 Ribb.‚
1087 1705 1134 1758 est

351 1809 408 1883 Qui
430 1825 494 1869 non
516 1813 567 1870 sat
588 1811 699 1869 habuit
721 1811 889 1882 coniugem
911 1809 1004 1869 illexe
1026 1810 1058 1869 in
1081 1811 1237 1884 stuprum.

267 1922 380 1992 fragm.
403 1921 478 1980 VIII
500 1921 560 1991 (19)
583 1937 612 1994 p.
639 1922 696 1980 137
720 1921 825 1996 Ribb,

352 2032 429 2091 adde
451 2034 529 2107 huc,
552 2033 635 2106 quod
657 2033 736 2091 mihi
758 2034 904 2106 portento
926 2032 1100 2092 caelestum
1123 2037 1211 2108 pater

353 2143 528 2217 prodigium
551 2143 657 2217 misit,
680 2146 769 2216 regni
792 2144 970 2203 stabilimen
994 2145 1067 2219 mei,

352 2270 472 2326 agnum
494 2255 576 2314 inter
598 2256 733 2328 pecudes
755 2271 850 2314 aurea
872 2255 994 2315 alarum
1016 2272 1108 2316 doma

353 2366 513 2439 quendam
536 2366 710 2438 Thyestem
733 2367 852 2439 clepere
874 2382 943 2426 esse
965 2383 1081 2426 ausum
1104 2384 1121 2427 e
1142 2370 1237 2444 regia,

352 2492 413 2548 qua
435 2478 468 2535 in
490 2493 523 2536 re
545 2477 730 2536 adiutricem
753 2478 921 2549 coniugem
944 2478 1025 2551 cepit
1047 2478 1113 2537 sibi.

266 2588 462 2662 fragmento,
486 2589 568 2661 quud
590 2589 734 2659 sequitur
756 2589 838 2661 apud
861 2588 965 2662 Ribb.‚
989 2589 1144 2662 Thyestes
1166 2590 1257 2649 dicit:

352 2700 549 2772 vigilandum
572 2701 621 2757 est
642 2715 781 2773 semper;
805 2700 926 2758 multae
948 2700 1077 2759 insidiae
1100 2703 1176 2759 sunt
1197 2701 1288 2760 bonis

352 2812 406 2870 sed
428 2811 510 2882 quod
532 2811 625 2869 multi
644 2811 801 2870 inrideant
812 2809 967 2884 multique
979 2812 1146 2886 expetant,
1160 2812 1285 2871 inscitia
1296 2813 1346 2872 est

350 2922 527 2996 postulare,
558 2923 619 2981 uisi
640 2921 779 2981 laborem
801 2938 930 2982 summa
952 2939 1027 2982 eum
1050 2940 1125 2983 eura
1146 2925 1280 2998 ecferas3

267 3050 363 3107 quam
386 3034 580 3093 sententiam
602 3033 699 3092 habes
722 3034 851 3107 Thyest.
864 3035 926 3093 446
942 3050 998 3108 su,
1012 3035 1064 3093 ubi
1076 3035 1159 3094 idem
1171 3035 1343 3109 Thyestes:

352 3146 430 3204 mihi
452 3146 560 3218 erede,
582 3145 670 3204 salsis
692 3160 811 3217 magna
833 3145 1015 3205 nominibus
1037 3147 1171 3220 placent,

351 3257 469 3316 frustra
490 3256 646 3315 timentur
668 3257 756 3315 dura.

266 3370 406 3442 Denique
428 3370 515 3429 Atrei
538 3369 757 3442 fragmentum
779 3367 840 3427 ΧΠ
862 3366 902 3436 (2)
918 3381 946 3439 p.
970 3365 1026 3422 138
1037 3364 1141 3438 Ribb,
1155 3366 1238 3424 idem
1250 3365 1345 3424 habet

224 3482 306 3553 quod
328 3481 459 3554 Thyest.
483 3496 528 3539 vs.
554 3479 709 3538 iba-69.

920 3561 1092 3634 concoquit

350 3679 474 3751 partem
496 3691 611 3751 vapore
632 3675 799 3749 fiammae,
822 3675 932 3733 tribuit
954 3674 1078 3732 veribus

350 3789 468 3849 lacerta
491 3829 784 3848 ..........
807 3786 840 3845 in
862 3786 957 3844 foues.

225 3902 355 3975 Thyest.
380 3901 440 3960 765
464 3915 529 3974 sqq.

351 4014 428 4071 haee
450 4012 575 4071 veribus
597 4011 729 4069 haerent
752 4010 872 4096 viscera
894 4010 926 4067 et
946 4007 1041 4066 lentis
1063 4007 1138 4065 data

350 4123 472 4182 stillant
493 4121 642 4194 caminis,
665 4119 718 4178 illa
740 4120 925 4179 flammatus
947 4119 1033 4177 latex

350 4233 504 4294 candente
526 4247 605 4291 aeno
627 4232 734 4290 iactat.
