3150 5356
708 610 744 667 11

219 797 280 856 Leo
304 793 329 869 ¹)
351 798 501 857 annotat:
536 799 614 870 „isto
636 797 704 855 loeo
727 798 831 870 aperte
854 795 954 854 Ovidii
976 811 1107 855 sensum
1131 796 1295 868 exprimit:

181 908 276 980 „nihil
304 909 390 967 enim
413 909 507 967 eade
529 925 563 967 re
585 908 742 980 Vergilius
764 907 796 964 in
819 908 932 965 mortis
954 906 1070 965 Priami
1092 907 1298 980 descriptione

182 1019 254 1091 „sed
276 1018 404 1078 Ovidius
426 1020 521 1078 habet
542 1019 669 1093 Metam,
693 1019 777 1077 XIII.
802 1018 873 1076 409.

310 1127 534 1206 „exiguumque
557 1128 640 1188 serris
662 1125 790 1189 Priami
808 1125 890 1188 Iovis
912 1146 972 1187 ara
993 1144 1135 1187 eruorem

310 1237 531 1315 „conbr‘berat’.

221 1352 313 1411 Plura
345 1353 453 1411 antem
476 1367 539 1410 non
562 1352 657 1410 hahet
678 1353 738 1410 hae
760 1351 797 1409 de
819 1367 862 1425 re,
885 1367 981 1423 quam
1004 1353 1054 1410 his
1076 1352 1179 1410 verbis
1201 1352 1295 1410 modo

179 1465 309 1535 attingit
332 1464 368 1522 ut
390 1464 428 1521 ad
451 1462 511 1522 alia
532 1463 708 1522 enarranda
729 1465 880 1522 transeat.
908 1463 980 1521 Lori
995 1465 1105 1522 tamen
1120 1463 1298 1534 tragoediae

179 1590 279 1646 usque
312 1575 351 1632 ad
385 1589 431 1632 vs.
467 1574 505 1632 47
540 1576 573 1632 et
605 1574 761 1632 Aeneidos
793 1589 892 1647 usque
924 1575 963 1632 nd
997 1590 1043 1632 vs.
1074 1573 1135 1632 552
1165 1573 1299 1646 singulis

178 1686 211 1743 in
248 1685 340 1744 rebus
376 1685 458 1744 inter
494 1700 528 1743 se
566 1685 787 1757 consentiunt;
832 1685 965 1743 eandem
1001 1685 1174 1756 imaginem
1210 1684 1300 1743 nobis

178 1799 301 1870 ponunt
335 1798 408 1854 ante
442 1796 559 1854 oeulos.
596 1796 734 1867 Utroque
766 1795 834 1854 loeo
858 1795 1003 1854 videmus
1024 1795 1187 1854 Priamum
1209 1796 1299 1854 humi

180 1909 392 1981 prostratum,
430 1922 449 1965 a
480 1906 601 1979 Pyrrho
634 1907 725 1966 loeva
755 1922 854 1965 mann
876 1908 1065 1978 correptum.
1103 1905 1186 1965 Tum
1208 1907 1300 1979 poeta

180 2018 320 2090 tragicus
341 2019 386 2076 ita
408 2019 526 2091 pergit:

306 2129 402 2187 Alto
433 2128 656 2187 nefandum
684 2128 849 2188 vulneri
874 2125 1041 2202 serrum
1069 2123 1229 2187 abdidit

182 2239 356 2312 Vergilius:

305 2345 416 2409 Lateri
434 2347 541 2426 capulo
563 2355 650 2408 tenus
672 2346 752 2409 abd
756 2346 799 2407 r'd
803 2348 835 2408 r't
862 2366 1005 2408 ensem.

180 2461 269 2535 Quod
291 2464 407 2520 attinet
428 2463 467 2520 ad
490 2463 584 2521 verba
607 2462 707 2520 Ovidii
728 2462 760 2519 11.

306 2570 513 2648 exiguumque
533 2571 616 2630 senis
638 2568 763 2631 Prr'arne'
785 2567 868 2629 Iovis
889 2589 950 2630 ara
971 2589 1114 2631 cruorem

306 2679 490 2758 conbiberet,

180 2811 279 2867 quum
303 2795 450 2853 Lucanus
472 2793 588 2852 Phars:
612 2795 650 2853 ΙΙ.
677 2796 736 2852 128
760 2811 805 2867 sq.
829 2795 959 2854 habeat:

649 2898 786 2981 parvum
808 2902 866 2963 sed
874 2902 968 2982 fessa
989 2910 1126 2964 senectus

305 3012 473 3091 sanguinis
494 3012 603 3094 effudit
623 3013 732 3094 iugulo
743 3013 947 3093 flammisque
962 3015 1106 3094 pepercit,

123 3137 125 3140 ·
179 3131 211 3187 et
233 3128 370 3201 Propert.
393 3128 446 3186 iv.
472 3129 520 3187 16.
546 3129 593 3186 19.

306 3234 460 3316 sanguine
480 3243 544 3297 tam
560 3245 663 3316 parvo
685 3236 755 3315 quis
776 3237 856 3297 em'rn
877 3243 1046 3316 spargetur
1067 3241 1202 3300 amantis

180 3351 276 3409 miror
317 3351 399 3422 quod
432 3351 479 3409 vir
511 3351 712 3410 doctissimus
745 3352 783 3410 oh
817 3351 892 3409 iilud
929 3351 1100 3424 „exiguum
1133 3354 1300 3412 cruorem’'

179 3464 272 3535 putat
303 3463 429 3534 poetam
462 3463 619 3535 tragicum
652 3462 805 3522 hocloco
835 3477 876 3521 ex
898 3462 1192 3536 Metamorphosoon
1214 3464 1300 3524 tibris

180 3573 334 3632 hausisse.

223 3709 332 3768 Troad.
367 3709 545 3768 439-460.
579 3710 724 3769 Hectoris
758 3711 871 3770 umbra
903 3711 1144 3771 Andromachae
1172 3713 1301 3785 apparet

180 3836 313 3892 eamque
347 3821 497 3879 admonet
529 3822 566 3879 ut
596 3819 696 3879 fitium
719 3836 814 3880 suum
837 3837 854 3880 e
875 3823 1023 3881 manibus
1045 3822 1158 3894 Pyrrhi
1180 3822 1299 3895 eripiat.

180 3931 275 3990 Plane
309 3933 401 4003 poeta
433 3932 574 4003 tragicus
607 3932 751 3990 imitatur
776 3932 931 4001 Aeneidos
952 3933 1059 3992 losum
1082 3933 1134 3992 ubi
1157 3931 1301 3992 Heotoris

181 4043 294 4102 umbra
315 4042 441 4101 Aeneae
463 4044 592 4115 apparet
614 4044 646 4101 et
667 4042 802 4101 Penates
824 4058 949 4102 servare
963 4059 1038 4102 eum
1054 4044 1140 4103 iubet
1155 4045 1243 4114 (Aen.
1260 4044 1299 4101 H.

180 4154 368 4223 eos-297).
391 4153 532 4224 Utroque
555 4153 623 4212 loco
646 4153 785 4226 primum
807 4155 936 4227 tempus
957 4155 1128 4214 indicatur:

218 4348 239 4414 ¹)
257 4352 314 4412 Leo,
331 4351 361 4401 (1ο
377 4351 481 4401 Senecae
498 4356 560 4416 trag.
578 4351 629 4401 obs.
647 4351 702 4401 erit.
720 4367 744 4416 p.
764 4351 824 4402 lto.
