3150 5356
769 610 809 667 39

226 803 305 877 quod
327 804 419 876 poeta
441 804 578 874 tragicus
596 803 684 861 dioit:
705 803 838 861 solemne
849 802 985 875 reserens
999 803 1100 861 Troici
1112 803 1198 860 lusor
1210 817 1344 876 eaerum,

225 929 275 987 ubi
312 927 487 1001 „reserens”
522 928 738 1001 repetitionem
768 928 902 986 indicare
933 928 1062 1001 videtur,
1094 928 1125 985 id
1155 928 1245 1001 paulo
1268 928 1349 986 inira

167 1130 176 1137 .
226 1053 322 1111 etiam
345 1052 425 1125 apud
448 1052 620 1123 Vergilium
642 1051 791 1124 invenieS,
817 1051 869 1124 qui
892 1066 938 1109 vs.
965 1052 1027 1109 605
1053 1051 1159 1109 habet:
1234 1035 1238 1042 ’

402 1176 499 1234 variis
525 1177 642 1235 tomulo
665 1176 807 1249 reserant
827 1176 978 1235 solemnio
1003 1177 1095 1234 ludio.

226 1428 334 1487 Tmari.
361 1430 424 1488 905
449 1444 514 1501 sqq.
539 1427 660 1488 Helena
681 1429 770 1487 dioit:

325 1566 1204 1610 -—--·——-—oausam——-

313 1691 480 1749 possum
503 1677 609 1735 tueri
632 1677 767 1735 iudice
789 1677 946 1736 infesto
970 1691 1097 1735 meam

312 1801 514 1874 §rariora
531 1816 670 1873 possa.

225 1923 343 1983 Similia
377 1924 523 1995 leguntur
558 1925 636 1982 Aen.
672 1925 696 1982 l.
736 1925 807 1997 199,
833 1923 882 1981 ubi
913 1923 1036 1980 Aeneas
1070 1921 1168 1980 socios
1190 1921 1350 1994 alloquens

228 2048 402 2108 exclamat:

337 2206 353 2249 o
373 2190 494 2264 possi
514 2190 723 2263 yrooioro,
749 2189 933 2248 clotildem
957 2189 1005 2247 his
1028 2203 1147 2262 quoquo
1170 2190 1264 2260 finem
1287 2184 1318 2256 ¹).

228 2368 340 2439 Agam.
380 2369 429 2441 18,
465 2368 515 2426 ubi
549 2368 632 2440 Tityi
666 2369 746 2440 apud
779 2368 893 2426 inferos
926 2381 1026 2441 poena
1048 2368 1248 2440 memoratur,
1273 2368 1350 2426 haee

225 2490 387 2562 leguntur:

357 2616 407 2674 ubi
432 2617 570 2677 tondet
591 2617 678 2676 ales
700 2617 821 2675 avida
843 2615 1065 2690 seeundum
1088 2614 1220 2685 iocum·

223 2740 268 2800 ita
290 2741 368 2799 Aen.
393 2740 445 2799 VI.
471 2742 533 2801 597
559 2756 623 2814 sqq.

577 2867 738 2938 rostroque
759 2862 908 2922 immonis
929 2862 1035 2920 vallor
1058 2863 1174 2921 obunco

269 2987 503 3047 immortale
525 2988 638 3046 ieeur
662 2988 839 3060 tondeat,
864 2985 1122 3059 fecundoque
1140 2987 1286 3059 poenis

268 3112 438 3185 viscora,
1027 3181 1031 3197 ἢ

225 3236 257 3293 et
279 3235 405 3308 Vergilii
428 3235 568 3294 imitator
591 3234 691 3307 Silina,
716 3234 797 3307 apud
819 3247 913 3305 quem
935 3231 1020 3290 XIH.
1046 3233 1108 3290 837
1133 3231 1304 3290 invenitur:

357 3375 438 3433 quae
462 3359 686 3418 tondeatur
703 3357 893 3432 praecordio
915 3358 1016 3415 rostro
1040 3355 1124 3413 alitio
1146 3345 1180 3423 ³).

226 3611 338 3682 Agam.
366 3611 416 3669 24.

314 3732 528 3804 quaesitor
550 3747 651 3790 urna
673 3731 844 3791 Gnosius
868 3731 1008 3788 vereat
1029 3745 1120 3788 reos

227 3857 402 3916 conferatur
425 3873 497 3916 oum
520 3859 598 3916 Aen.
623 3857 675 3914 VI.
700 3856 775 3915 432.

492 3983 649 4056 quaesitor
672 3981 774 4040 Minoo
797 3994 914 4038 urnam
936 3980 1042 4036 movet.

227 4106 439 4115 -α--υ-,ι

265 4152 285 4219 ¹)
305 4157 337 4206 ci.
357 4157 419 4206 Hor.
438 4154 486 4205 Od.
506 4155 526 4205 Ι.
547 4153 571 4204 7,
590 4152 632 4202 30.

260 4263 284 4328 ²)
303 4264 421 4314 Tondere
441 4263 482 4312 his
500 4263 563 4312 locis
582 4263 652 4311 idem
672 4262 741 4335 valet
761 4261 830 4325 quod
850 4261 997 4322 depascere,
1019 4258 1142 4306 devorare
1154 4258 1301 4308 eiLueret.
1313 4257 1347 4310 11.

227 4349 293 4416 659;
313 4340 405 4418 Georg'.
416 4350 437 4400 Ι.
447 4349 494 4415 l5;
505 4350 570 4400 Aen.
578 4350 625 4399 111.
637 4347 697 4413 5375
709 4349 784 4398 Hom.
795 4347 842 4398 Od.
852 4347 897 4397 XI.
909 4345 959 4396 577
971 4346 1038 4417 γῦπε
1040 4381 1134 4397 ......
1144 4338 1167 4417 η’
1169 4364 1225 4412 παρ
1235 4343 1348 4416 ἔκειρον.
