3150 5356
771 615 812 673 69

224 812 310 872 Haec
354 810 467 870 locutio
528 811 636 868 autem
680 809 837 868 invenitur
871 809 949 868 stac.
985 798 1091 868 Theo
1118 809 1142 866 I.
1181 808 1243 866 142
1278 806 1353 866 haec

224 951 315 994 merc
340 949 468 1008 popone
498 915 584 1004 solem
614 933 667 992 Sil.
696 935 721 992 Ι.
746 933 809 992 470
833 932 971 992 Romo-ni
993 932 1125 1013 Murrus
1150 932 1221 991 belii
1242 946 1352 1001 mom

225 1061 257 1118 et
278 1059 356 1133 ioco,
369 1058 420 1132 qui
439 1058 668 1130 tragoediarum
688 1057 827 1116 versibus
838 1058 887 1115 est
895 1056 1082 1130 simillimus
1092 1055 1197 1116 Senec.
1211 1054 1298 1115 Suas.
1310 1055 1351 1114 Π.

116 1228 121 1234 .
228 1187 267 1246 10
293 1184 364 1244 belli
385 1199 477 1243 merc
500 1182 630 1242 concidit
653 1181 777 1242 Hector.
872 1193 880 1200 ·

225 1362 334 1422 Troad.
359 1362 423 1420 668
447 1375 492 1433 sq.
594 1358 733 1418 fuerat
755 1358 828 1417 hoc
850 1371 1019 1431 prorsus
1041 1334 1159 1416 nefas

403 1484 554 1544 Danais
576 1483 778 1554 incusum,

224 1610 257 1669 et
280 1609 408 1681 Thyest.
435 1608 476 1668 20

312 1748 372 1792 me
394 1732 658 1791 innocentem
680 1729 810 1788 faciat
832 1729 872 1787 et
893 1728 1046 1786 inausa
1068 1727 1230 1797 audeat;

225 1858 268 1916 sie
290 1857 440 1916 inausum
462 1857 586 1929 passive
609 1855 737 1927 usurpat
759 1852 913 1924 Vergilius
935 1854 1013 1912 Aen.
1038 1852 1106 1911 VII.
1132 1854 1195 1913 308
1215 1867 1281 1926 sqq.

313 1983 364 2039 oet
386 1994 448 2053 epo,
473 1993 592 2052 respuo
614 1977 698 2037 Ioues
721 1977 842 2051 coniux,
866 1977 914 2035 cii
937 1976 1076 2050 linquere
1110 1965 1302 2036 inausum

314 2119 395 2177 qceuc
412 2104 506 2178 potui
528 2102 641 2176 infelix
663 2130 1291 2145 ----------

207 2242 210 2247 ⁴
313 2228 419 2287 mucor
441 2227 482 2286 ab
505 2228 619 2299 Aeaea,
1347 2202 1350 2208 ¹

225 2353 303 2412 Aen.
328 2353 412 2412 VIII.
438 2353 502 2413 206

503 2487 505 2493 ,
535 2472 574 2517 cc
597 2457 675 2531 quid
696 2457 846 2516 iuuenum
867 2456 987 2530 nuncet.

224 2584 305 2644 Item
328 2582 454 2655 Vergilii
475 2581 649 2640 imItatores
672 2579 815 2640 Valerius
837 2579 965 2661 Flaccus
977 2571 999 2649 ¹)
1017 2580 1050 2639 et
1069 2579 1194 2640 Tacitus
1203 2573 1237 2650 ³).

226 2760 336 2820 Troad.
363 2761 447 2820 1072
471 2773 516 2832 sq.
624 2830 626 2833 ,

690 2862 778 2908 eum
794 2848 910 2906 -metu
932 2862 1077 2907 versos
1098 2848 1216 2920 gravi

324 2974 483 3034 Danaos
505 2973 670 3052 fugaret
692 2972 844 3031 Hector
866 2973 905 3030 et
927 2971 1041 3045 ferro
1065 2973 1102 3030 et
1121 2970 1222 3045 fuce

224 3098 321 3157 Ferro
345 3100 374 3156 et
394 3096 462 3171 fuce
475 3112 530 3171 pro
541 3095 626 3169 ferro
649 3095 777 3170 equique
787 3096 864 3156 item
875 3095 949 3155 dicit
960 3095 1114 3168 Vergiiius
1125 3097 1204 3156 Aen.
1217 3097 1270 3156 IV.
1285 3097 1348 3158 626

359 3222 414 3296 qui
436 3220 504 3295 fuce
525 3219 706 3280 Dardanica
729 3189 874 3293 ferroque
897 3234 1028 3293 aequore
1051 3220 1180 3280 colonos.

225 3382 338 3454 Agam.
364 3382 382 3439 8
405 3381 439 3439 in
462 3379 665 3454 descriptione
687 3378 807 3450 regiae:
866 3440 871 3451 ,
927 3405 932 3408 -

358 3506 452 3564 hinc
475 3504 684 3579 auspicari
706 3504 865 3576 regium
887 3504 1020 3578 cupiti
1043 3504 1161 3563 decue

254 3702 257 3708 Ι
357 3629 749 3701 mosestPeiasgis.

135 3799 137 3804 ¹
224 3756 326 3816 Verba
347 3755 469 3829 rectum
491 3754 587 3828 copiti
609 3754 708 3829 decue,
729 3769 806 3827 quae
817 3754 948 3814 redeunt
958 3752 1048 3812 Here.
1060 3752 1118 3811 tur.
1133 3752 1206 3827 217,
1220 3751 1348 3825 Thyest.

227 3880 301 3952 701,
325 3879 526 3938 inveniuntur
548 3879 627 3938 Aen.
651 3877 691 3937 X.
717 3879 780 3938 134
804 3891 849 3949 sq.

359 4000 462 4075 cuciis
482 4017 608 4076 pemmo
630 4001 734 4076 mIcct,
759 4000 883 4075 fulvum
905 4015 986 4074 quoe
1009 3999 1120 4059 dividit
1140 4014 1257 4059 curum

359 4124 417 4182 aut
436 4122 511 4182 collo
535 4122 652 4182 decue
674 4124 746 4182 out
767 4121 906 4196 cupiit.

225 4298 439 4309 ———

265 4386 287 4455 ¹)
307 4389 363 4439 Vai.
383 4389 470 4440 Flacc.
489 4388 508 4438 Ι.
528 4385 588 4438 807,
625 4385 648 4454 ²)
668 4385 728 4436 Tac.
748 4385 820 4437 Anu.
838 4385 857 4437 l.
877 4383 919 4436 ia.
