<?xml version="1.0" encoding="UTF-8"?>
<!DOCTYPE html PUBLIC "-//W3C//DTD XHTML 1.0 Transitional//EN"
    "http://www.w3.org/TR/xhtml1/DTD/xhtml1-transitional.dtd">
<html xmlns="http://www.w3.org/1999/xhtml" xml:lang="en" lang="en">
 <head>
  <title>
</title>
<meta http-equiv="Content-Type" content="text/html;charset=utf-8" />
  <meta name='ocr-system' content='tesseract 3.04.00' />
  <meta name='ocr-capabilities' content='ocr_page ocr_carea ocr_par ocr_line ocrx_word'/>
</head>
<body>
  <div class='ocr_page' id='page_1' title='image "./deauctoretragoe00romegoog_0099.png"; bbox 0 0 3150 5356; ppageno 0'>
   <div class='ocr_carea' id='block_1_1' title="bbox 763 621 804 688">
    <p class='ocr_par' dir='ltr' id='par_1_1' title="bbox 763 621 804 688">
     <span class='ocr_line' id='line_1_1' title="bbox 763 621 804 688; baseline 0 0"><span class='ocrx_word' id='word_1_1' title='bbox 763 621 804 688; x_wconf 86' lang='grc'>86</span> 
     </span>
    </p>
   </div>
   <div class='ocr_carea' id='block_1_2' title="bbox 223 824 1348 1642">
    <p class='ocr_par' dir='ltr' id='par_1_2' title="bbox 223 824 1348 1642">
     <span class='ocr_line' id='line_1_2' title="bbox 642 824 1003 895; baseline -0.006 -12"><span class='ocrx_word' id='word_1_2' title='bbox 642 824 733 883; x_wconf 83' lang='lat' dir='ltr'>Here.</span> <span class='ocrx_word' id='word_1_3' title='bbox 758 825 824 883; x_wconf 76' lang='lat' dir='ltr'>Oet.</span> <span class='ocrx_word' id='word_1_4' title='bbox 851 824 913 882; x_wconf 80' lang='grc'>812</span> <span class='ocrx_word' id='word_1_5' title='bbox 938 838 1003 895; x_wconf 85' lang='lat' dir='ltr'>sqq.</span> 
     </span>
     <span class='ocr_line' id='line_1_3' title="bbox 665 947 1186 1019; baseline -0.004 -13"><span class='ocrx_word' id='word_1_6' title='bbox 665 949 807 1019; x_wconf 78' lang='lat' dir='ltr'>Dumque</span> <span class='ocrx_word' id='word_1_7' title='bbox 831 947 1064 1006; x_wconf 68' lang='lat' dir='ltr'>tremebundum</span> <span class='ocrx_word' id='word_1_8' title='bbox 1087 963 1186 1006; x_wconf 78' lang='lat' dir='ltr'>muna</span> 
     </span>
     <span class='ocr_line' id='line_1_4' title="bbox 356 1073 1176 1147; baseline -0.001 -15"><span class='ocrx_word' id='word_1_9' title='bbox 356 1075 456 1133; x_wconf 73' lang='lat' dir='ltr'>tenuit</span> <span class='ocrx_word' id='word_1_10' title='bbox 478 1074 625 1132; x_wconf 84' lang='lat' dir='ltr'>cadaver:</span> <span class='ocrx_word' id='word_1_11' title='bbox 650 1075 708 1133; x_wconf 84' lang='lat' dir='ltr'>hae</span> <span class='ocrx_word' id='word_1_12' title='bbox 730 1089 837 1147; x_wconf 79' lang='lat' dir='ltr'>manu,</span> <span class='ocrx_word' id='word_1_13' title='bbox 862 1074 929 1147; x_wconf 88' lang='lat' dir='ltr'>hac,</span> <span class='ocrx_word' id='word_1_14' title='bbox 954 1074 1062 1147; x_wconf 75' lang='lat' dir='ltr'>inquit,</span> <span class='ocrx_word' id='word_1_15' title='bbox 1087 1073 1176 1146; x_wconf 83' lang='lat' dir='ltr'>ferar,</span> 
     </span>
     <span class='ocr_line' id='line_1_5' title="bbox 356 1198 619 1270; baseline -0.008 -14"><span class='ocrx_word' id='word_1_16' title='bbox 356 1198 469 1270; x_wconf 69' lang='lat' dir='ltr'>osana,</span> <span class='ocrx_word' id='word_1_17' title='bbox 495 1198 619 1256; x_wconf 78' lang='lat' dir='ltr'>vietus?</span> 
     </span>
     <span class='ocr_line' id='line_1_6' title="bbox 268 1321 1346 1393; baseline -0.001 -12"><span class='ocrx_word' id='word_1_18' title='bbox 268 1323 352 1381; x_wconf 80' lang='lat' dir='ltr'>Haec</span> <span class='ocrx_word' id='word_1_19' title='bbox 376 1323 514 1381; x_wconf 84' lang='lat' dir='ltr'>codicum</span> <span class='ocrx_word' id='word_1_20' title='bbox 538 1321 628 1380; x_wconf 73' lang='lat' dir='ltr'>lectio</span> <span class='ocrx_word' id='word_1_21' title='bbox 651 1322 718 1380; x_wconf 85' lang='lat' dir='ltr'>ideo</span> <span class='ocrx_word' id='word_1_22' title='bbox 741 1321 904 1380; x_wconf 82' lang='lat' dir='ltr'>reiiciendu</span> <span class='ocrx_word' id='word_1_23' title='bbox 926 1321 1004 1379; x_wconf 89' lang='lat' dir='ltr'>mihi</span> <span class='ocrx_word' id='word_1_24' title='bbox 1027 1321 1148 1380; x_wconf 77' lang='lat' dir='ltr'>videtur</span> <span class='ocrx_word' id='word_1_25' title='bbox 1160 1321 1240 1393; x_wconf 88' lang='lat' dir='ltr'>quod</span> <span class='ocrx_word' id='word_1_26' title='bbox 1251 1322 1346 1380; x_wconf 82' lang='lat' dir='ltr'>adiee-</span> 
     </span>
     <span class='ocr_line' id='line_1_7' title="bbox 223 1444 1346 1518; baseline -0.002 -14"><span class='ocrx_word' id='word_1_27' title='bbox 223 1446 326 1504; x_wconf 79' lang='lat' dir='ltr'>tivum</span> <span class='ocrx_word' id='word_1_28' title='bbox 361 1445 574 1511; x_wconf 68' lang='lat' dir='ltr'><em>tremibundus</em></span> <span class='ocrx_word' id='word_1_29' title='bbox 609 1461 671 1503; x_wconf 86' lang='lat' dir='ltr'>non</span> <span class='ocrx_word' id='word_1_30' title='bbox 711 1447 782 1518; x_wconf 79' lang='lat' dir='ltr'>apte</span> <span class='ocrx_word' id='word_1_31' title='bbox 817 1446 1012 1516; x_wconf 74' lang='lat' dir='ltr'>coniungitur</span> <span class='ocrx_word' id='word_1_32' title='bbox 1046 1460 1118 1504; x_wconf 88' lang='lat' dir='ltr'>cum</span> <span class='ocrx_word' id='word_1_33' title='bbox 1152 1444 1346 1503; x_wconf 78' lang='lat' dir='ltr'>substantivo</span> 
     </span>
     <span class='ocr_line' id='line_1_8' title="bbox 225 1567 1348 1642; baseline -0.004 -11"><span class='ocrx_word' id='word_1_34' title='bbox 225 1572 365 1637; x_wconf 72' lang='lat' dir='ltr'>cadauer.</span> <span class='ocrx_word' id='word_1_35' title='bbox 412 1571 539 1629; x_wconf 76' lang='lat' dir='ltr'>Accedil</span> <span class='ocrx_word' id='word_1_36' title='bbox 572 1570 653 1642; x_wconf 89' lang='lat' dir='ltr'>qued</span> <span class='ocrx_word' id='word_1_37' title='bbox 681 1570 798 1628; x_wconf 88' lang='lat' dir='ltr'>duobus</span> <span class='ocrx_word' id='word_1_38' title='bbox 820 1570 958 1628; x_wconf 87' lang='lat' dir='ltr'>versibus</span> <span class='ocrx_word' id='word_1_39' title='bbox 980 1571 1053 1628; x_wconf 79' lang='lat' dir='ltr'>ante</span> <span class='ocrx_word' id='word_1_40' title='bbox 1076 1570 1185 1628; x_wconf 83' lang='lat' dir='ltr'>eadem</span> <span class='ocrx_word' id='word_1_41' title='bbox 1208 1567 1348 1626; x_wconf 80' lang='lat' dir='ltr'>clausula</span> 
     </span>
    </p>
   </div>
   <div class='ocr_carea' id='block_1_3' title="bbox 225 1695 1452 1768">
    <p class='ocr_par' dir='ltr' id='par_1_3' title="bbox 225 1695 1452 1768">
     <span class='ocr_line' id='line_1_9' title="bbox 225 1695 1452 1768; baseline -0.005 -12"><span class='ocrx_word' id='word_1_42' title='bbox 225 1696 423 1757; x_wconf 72' lang='lat' dir='ltr'>tremibunda</span> <span class='ocrx_word' id='word_1_43' title='bbox 444 1712 543 1755; x_wconf 79' lang='lat' dir='ltr'>manu</span> <span class='ocrx_word' id='word_1_44' title='bbox 564 1696 730 1768; x_wconf 79' lang='lat' dir='ltr'>invenitur,</span> <span class='ocrx_word' id='word_1_45' title='bbox 755 1695 836 1753; x_wconf 90' lang='lat' dir='ltr'>uude</span> <span class='ocrx_word' id='word_1_46' title='bbox 847 1695 997 1753; x_wconf 89' lang='lat' dir='ltr'>mendum</span> <span class='ocrx_word' id='word_1_47' title='bbox 1010 1695 1131 1753; x_wconf 73' lang='lat' dir='ltr'>videtur</span> <span class='ocrx_word' id='word_1_48' title='bbox 1147 1695 1339 1752; x_wconf 79' lang='lat' dir='ltr'>ortumesse.</span> <span class='ocrx_word' id='word_1_49' title='bbox 1447 1708 1452 1713; x_wconf 79' lang='grc'>’</span> 
     </span>
    </p>
   </div>
   <div class='ocr_carea' id='block_1_4' title="bbox 225 1817 1401 2143">
    <p class='ocr_par' dir='ltr' id='par_1_4' title="bbox 225 1817 1401 2143">
     <span class='ocr_line' id='line_1_10' title="bbox 225 1817 1348 1892; baseline -0.004 -14"><span class='ocrx_word' id='word_1_50' title='bbox 225 1822 287 1880; x_wconf 87' lang='lat' dir='ltr'>Leo</span> <span class='ocrx_word' id='word_1_51' title='bbox 306 1821 434 1880; x_wconf 80' lang='lat' dir='ltr'>coniecit</span> <span class='ocrx_word' id='word_1_52' title='bbox 457 1820 677 1878; x_wconf 79' lang='lat' dir='ltr'>semianimum</span> <span class='ocrx_word' id='word_1_53' title='bbox 679 1835 808 1892; x_wconf 75' lang='lat' dir='ltr'>perena,</span> <span class='ocrx_word' id='word_1_54' title='bbox 822 1818 967 1877; x_wconf 81' lang='lat' dir='ltr'>audacius</span> <span class='ocrx_word' id='word_1_55' title='bbox 978 1833 1062 1892; x_wconf 88' lang='lat' dir='ltr'>sane,</span> <span class='ocrx_word' id='word_1_56' title='bbox 1076 1833 1176 1890; x_wconf 86' lang='lat' dir='ltr'>quum</span> <span class='ocrx_word' id='word_1_57' title='bbox 1187 1818 1236 1875; x_wconf 87' lang='lat' dir='ltr'>his</span> <span class='ocrx_word' id='word_1_58' title='bbox 1248 1817 1348 1876; x_wconf 83' lang='lat' dir='ltr'>verbis</span> 
     </span>
     <span class='ocr_line' id='line_1_11' title="bbox 225 1943 1348 2017; baseline -0.004 -13"><span class='ocrx_word' id='word_1_59' title='bbox 225 1946 302 2004; x_wconf 80' lang='lat' dir='ltr'>nihil</span> <span class='ocrx_word' id='word_1_60' title='bbox 332 1947 379 2012; x_wconf 71' lang='lat' dir='ltr'>sil</span> <span class='ocrx_word' id='word_1_61' title='bbox 402 1961 568 2004; x_wconf 87' lang='lat' dir='ltr'>commune</span> <span class='ocrx_word' id='word_1_62' title='bbox 594 1960 667 2003; x_wconf 85' lang='lat' dir='ltr'>eum</span> <span class='ocrx_word' id='word_1_63' title='bbox 689 1945 828 2003; x_wconf 82' lang='lat' dir='ltr'>codicum</span> <span class='ocrx_word' id='word_1_64' title='bbox 850 1944 1002 2017; x_wconf 79' lang='lat' dir='ltr'>scriptura</span> <span class='ocrx_word' id='word_1_65' title='bbox 1023 1943 1055 2002; x_wconf 79' lang='lat' dir='ltr'>el</span> <span class='ocrx_word' id='word_1_66' title='bbox 1077 1959 1140 2002; x_wconf 80' lang='lat' dir='ltr'>vox</span> <span class='ocrx_word' id='word_1_67' title='bbox 1162 1959 1260 2001; x_wconf 82' lang='lat' dir='ltr'>mauu</span> <span class='ocrx_word' id='word_1_68' title='bbox 1284 1958 1348 2001; x_wconf 87' lang='lat' dir='ltr'>non</span> 
     </span>
     <span class='ocr_line' id='line_1_12' title="bbox 226 2068 1401 2143; baseline -0.002 -15"><span class='ocrx_word' id='word_1_69' title='bbox 226 2070 329 2128; x_wconf 78' lang='lat' dir='ltr'>onultl</span> <span class='ocrx_word' id='word_1_70' title='bbox 351 2071 448 2143; x_wconf 77' lang='lat' dir='ltr'>possit</span> <span class='ocrx_word' id='word_1_71' title='bbox 471 2070 507 2128; x_wconf 86' lang='lat' dir='ltr'>ob</span> <span class='ocrx_word' id='word_1_72' title='bbox 539 2084 584 2127; x_wconf 83' lang='lat' dir='ltr'>vs.</span> <span class='ocrx_word' id='word_1_73' title='bbox 610 2070 672 2128; x_wconf 87' lang='grc'>813</span> <span class='ocrx_word' id='word_1_74' title='bbox 697 2069 756 2128; x_wconf 78' lang='lat' dir='ltr'>huc</span> <span class='ocrx_word' id='word_1_75' title='bbox 778 2084 885 2143; x_wconf 79' lang='lat' dir='ltr'>mnan,</span> <span class='ocrx_word' id='word_1_76' title='bbox 909 2069 975 2143; x_wconf 78' lang='lat' dir='ltr'>hdr,</span> <span class='ocrx_word' id='word_1_77' title='bbox 1000 2069 1111 2142; x_wconf 78' lang='lat' dir='ltr'>inquil,</span> <span class='ocrx_word' id='word_1_78' title='bbox 1136 2068 1233 2142; x_wconf 79' lang='lat' dir='ltr'>ferar.</span> <span class='ocrx_word' id='word_1_79' title='bbox 1262 2069 1347 2127; x_wconf 75' lang='lat' dir='ltr'>‹lom-</span> <span class='ocrx_word' id='word_1_80' title='bbox 1396 2130 1401 2137; x_wconf 62' lang='grc'><em>,</em></span> 
     </span>
    </p>
   </div>
   <div class='ocr_carea' id='block_1_5' title="bbox 227 2194 1098 2430">
    <p class='ocr_par' dir='ltr' id='par_1_5' title="bbox 227 2194 1098 2430">
     <span class='ocr_line' id='line_1_13' title="bbox 227 2194 472 2265; baseline -0.004 -13"><span class='ocrx_word' id='word_1_81' title='bbox 227 2194 341 2253; x_wconf 85' lang='lat' dir='ltr'>mendo</span> <span class='ocrx_word' id='word_1_82' title='bbox 363 2194 472 2265; x_wconf 77' lang='lat' dir='ltr'>igitur:</span> 
     </span>
     <span class='ocr_line' id='line_1_14' title="bbox 628 2281 1098 2355; baseline 0 -15"><span class='ocrx_word' id='word_1_83' title='bbox 628 2284 762 2354; x_wconf 91' lang='lat' dir='ltr'>dumque</span> <span class='ocrx_word' id='word_1_84' title='bbox 784 2281 977 2355; x_wconf 76' lang='lat' dir='ltr'>furibundus</span> <span class='ocrx_word' id='word_1_85' title='bbox 998 2297 1098 2340; x_wconf 82' lang='lat' dir='ltr'>mauu</span> 
     </span>
     <span class='ocr_line' id='line_1_15' title="bbox 362 2371 623 2430; baseline -0.004 0"><span class='ocrx_word' id='word_1_86' title='bbox 362 2371 462 2430; x_wconf 78' lang='lat' dir='ltr'>tenuit</span> <span class='ocrx_word' id='word_1_87' title='bbox 484 2372 623 2430; x_wconf 80' lang='lat' dir='ltr'>cadaver.</span> 
     </span>
    </p>
   </div>
   <div class='ocr_carea' id='block_1_6' title="bbox 229 2513 1371 4326">
    <p class='ocr_par' dir='ltr' id='par_1_6' title="bbox 229 2513 1371 4326">
     <span class='ocr_line' id='line_1_16' title="bbox 632 2513 993 2584; baseline -0.006 -12"><span class='ocrx_word' id='word_1_88' title='bbox 632 2513 723 2572; x_wconf 81' lang='lat' dir='ltr'>Herc.</span> <span class='ocrx_word' id='word_1_89' title='bbox 747 2513 813 2572; x_wconf 76' lang='lat' dir='ltr'>Oel.</span> <span class='ocrx_word' id='word_1_90' title='bbox 840 2515 924 2572; x_wconf 87' lang='lat'>1003</span> <span class='ocrx_word' id='word_1_91' title='bbox 948 2528 993 2584; x_wconf 91' lang='lat' dir='ltr'>sq.</span> 
     </span>
     <span class='ocr_line' id='line_1_17' title="bbox 362 2624 1221 2714; baseline -0.006 -14"><span class='ocrx_word' id='word_1_92' title='bbox 362 2639 520 2714; x_wconf 79' lang='lat' dir='ltr'>Quaenam</span> <span class='ocrx_word' id='word_1_93' title='bbox 542 2641 603 2698; x_wconf 77' lang='lat' dir='ltr'>ista</span> <span class='ocrx_word' id='word_1_94' title='bbox 624 2642 771 2711; x_wconf 76' lang='lat' dir='ltr'>torquens</span> <span class='ocrx_word' id='word_1_95' title='bbox 793 2624 895 2710; x_wconf 79' lang='lat' dir='ltr'>angue</span> <span class='ocrx_word' id='word_1_96' title='bbox 917 2642 936 2708; x_wconf 66' lang='lat' dir='ltr'>i·</span> <span class='ocrx_word' id='word_1_97' title='bbox 955 2639 1074 2711; x_wconf 77' lang='lat' dir='ltr'>uipereo</span> <span class='ocrx_word' id='word_1_98' title='bbox 1096 2633 1221 2696; x_wconf 81' lang='lat' dir='ltr'>cumam</span> 
     </span>
     <span class='ocr_line' id='line_1_18' title="bbox 361 2762 1094 2836; baseline -0.004 -13"><span class='ocrx_word' id='word_1_99' title='bbox 361 2765 550 2836; x_wconf 78' lang='lat' dir='ltr'>temporibus</span> <span class='ocrx_word' id='word_1_100' title='bbox 573 2765 662 2836; x_wconf 75' lang='lat' dir='ltr'>aptas</span> <span class='ocrx_word' id='word_1_101' title='bbox 684 2763 830 2834; x_wconf 81' lang='lat' dir='ltr'>squalidis</span> <span class='ocrx_word' id='word_1_102' title='bbox 851 2763 963 2834; x_wconf 85' lang='lat' dir='ltr'>pinnas</span> <span class='ocrx_word' id='word_1_103' title='bbox 985 2762 1094 2834; x_wconf 76' lang='lat' dir='ltr'>qualit.</span> 
     </span>
     <span class='ocr_line' id='line_1_19' title="bbox 241 2885 1351 2960; baseline -0.002 -15"><span class='ocrx_word' id='word_1_104' title='bbox 241 2887 243 2891; x_wconf 71' lang='lat'>‘</span> <span class='ocrx_word' id='word_1_105' title='bbox 273 2889 323 2947; x_wconf 80' lang='lat' dir='ltr'>Ita</span> <span class='ocrx_word' id='word_1_106' title='bbox 333 2888 452 2946; x_wconf 85' lang='lat' dir='ltr'>codiees</span> <span class='ocrx_word' id='word_1_107' title='bbox 459 2903 577 2960; x_wconf 86' lang='lat' dir='ltr'>omnes,</span> <span class='ocrx_word' id='word_1_108' title='bbox 591 2887 650 2945; x_wconf 83' lang='lat' dir='ltr'>nisi</span> <span class='ocrx_word' id='word_1_109' title='bbox 662 2886 742 2957; x_wconf 86' lang='lat' dir='ltr'>quod</span> <span class='ocrx_word' id='word_1_110' title='bbox 753 2886 901 2944; x_wconf 77' lang='lat' dir='ltr'>Etruscus</span> <span class='ocrx_word' id='word_1_111' title='bbox 908 2885 1190 2959; x_wconf 76' lang='lat' dir='ltr'>habel„angui’&#39;.N</span> <span class='ocrx_word' id='word_1_112' title='bbox 1192 2929 1199 2944; x_wconf 87' lang='lat'>.</span> <span class='ocrx_word' id='word_1_113' title='bbox 1206 2885 1351 2945; x_wconf 90' lang='lat' dir='ltr'>Heinsius</span> 
     </span>
     <span class='ocr_line' id='line_1_20' title="bbox 230 3009 1371 3098; baseline -0.003 -30"><span class='ocrx_word' id='word_1_114' title='bbox 230 3011 358 3079; x_wconf 82' lang='lat' dir='ltr'>(advers.</span> <span class='ocrx_word' id='word_1_115' title='bbox 379 3025 449 3083; x_wconf 83' lang='lat' dir='ltr'>pag.</span> <span class='ocrx_word' id='word_1_116' title='bbox 474 3012 548 3080; x_wconf 83' lang='grc'><strong>411)</strong></span> <span class='ocrx_word' id='word_1_117' title='bbox 572 3010 632 3081; x_wconf 83' lang='lat' dir='ltr'>legi</span> <span class='ocrx_word' id='word_1_118' title='bbox 656 3010 724 3068; x_wconf 77' lang='lat' dir='ltr'>vult</span> <span class='ocrx_word' id='word_1_119' title='bbox 745 3011 815 3083; x_wconf 76' lang='lat' dir='ltr'>ipae</span> <span class='ocrx_word' id='word_1_120' title='bbox 837 3010 966 3083; x_wconf 78' lang='lat' dir='ltr'>viperee.</span> <span class='ocrx_word' id='word_1_121' title='bbox 987 3009 1371 3098; x_wconf 71' lang='lat' dir='ltr'>Peiperuuquevibruta</span> 
     </span>
     <span class='ocr_line' id='line_1_21' title="bbox 229 3135 1351 3208; baseline -0.001 -15"><span class='ocrx_word' id='word_1_122' title='bbox 229 3135 295 3193; x_wconf 88' lang='lat' dir='ltr'>Nisi</span> <span class='ocrx_word' id='word_1_123' title='bbox 317 3136 425 3193; x_wconf 79' lang='lat' dir='ltr'>tamen</span> <span class='ocrx_word' id='word_1_124' title='bbox 447 3135 594 3194; x_wconf 77' lang='lat' dir='ltr'>attributo</span> <span class='ocrx_word' id='word_1_125' title='bbox 616 3135 735 3208; x_wconf 83' lang='lat' dir='ltr'>uipereo</span> <span class='ocrx_word' id='word_1_126' title='bbox 760 3135 851 3193; x_wconf 86' lang='lat' dir='ltr'>verbe</span> <span class='ocrx_word' id='word_1_127' title='bbox 875 3150 977 3206; x_wconf 77' lang='lat' dir='ltr'>urrpne</span> <span class='ocrx_word' id='word_1_128' title='bbox 997 3135 1099 3193; x_wconf 74' lang='lat' dir='ltr'>addito</span> <span class='ocrx_word' id='word_1_129' title='bbox 1112 3135 1351 3208; x_wconf 83' lang='lat' dir='ltr'>speeiesanguis</span> 
     </span>
     <span class='ocr_line' id='line_1_22' title="bbox 229 3255 1350 3331; baseline 0.001 -17"><span class='ocrx_word' id='word_1_130' title='bbox 229 3257 390 3331; x_wconf 74' lang='lat' dir='ltr'>indicatur,</span> <span class='ocrx_word' id='word_1_131' title='bbox 415 3257 500 3316; x_wconf 85' lang='lat' dir='ltr'>cuius</span> <span class='ocrx_word' id='word_1_132' title='bbox 523 3257 646 3329; x_wconf 89' lang='lat' dir='ltr'>quidem</span> <span class='ocrx_word' id='word_1_133' title='bbox 669 3272 743 3314; x_wconf 89' lang='lat' dir='ltr'>usus</span> <span class='ocrx_word' id='word_1_134' title='bbox 759 3255 1126 3331; x_wconf 81' lang='lat' dir='ltr'>exemplanullainveni,</span> <span class='ocrx_word' id='word_1_135' title='bbox 1140 3257 1350 3328; x_wconf 80' lang='lat' dir='ltr'>legerevelim</span> 
     </span>
     <span class='ocr_line' id='line_1_23' title="bbox 363 3384 1212 3458; baseline 0.001 -17"><span class='ocrx_word' id='word_1_136' title='bbox 363 3399 518 3456; x_wconf 85' lang='lat' dir='ltr'>quaenam</span> <span class='ocrx_word' id='word_1_137' title='bbox 539 3385 600 3442; x_wconf 81' lang='lat' dir='ltr'>ista</span> <span class='ocrx_word' id='word_1_138' title='bbox 622 3385 770 3456; x_wconf 76' lang='lat' dir='ltr'>torquens</span> <span class='ocrx_word' id='word_1_139' title='bbox 792 3399 894 3457; x_wconf 76' lang='lat' dir='ltr'>unque</span> <span class='ocrx_word' id='word_1_140' title='bbox 916 3384 1055 3442; x_wconf 77' lang='lat' dir='ltr'>cderulm</span> <span class='ocrx_word' id='word_1_141' title='bbox 1079 3399 1212 3458; x_wconf 81' lang='lat' dir='ltr'>comam,</span> 
     </span>
     <span class='ocr_line' id='line_1_24' title="bbox 232 3507 923 3582; baseline -0.003 -16"><span class='ocrx_word' id='word_1_142' title='bbox 232 3507 344 3566; x_wconf 71' lang='lat' dir='ltr'>collato</span> <span class='ocrx_word' id='word_1_143' title='bbox 367 3507 477 3581; x_wconf 83' lang='lat' dir='ltr'>Georg.</span> <span class='ocrx_word' id='word_1_144' title='bbox 501 3509 554 3566; x_wconf 89' lang='lat' dir='ltr'>IV.</span> <span class='ocrx_word' id='word_1_145' title='bbox 578 3509 653 3582; x_wconf 79' lang='lat'>482,</span> <span class='ocrx_word' id='word_1_146' title='bbox 677 3508 727 3566; x_wconf 91' lang='lat' dir='ltr'>ubi</span> <span class='ocrx_word' id='word_1_147' title='bbox 749 3508 786 3567; x_wconf 89' lang='lat' dir='ltr'>de</span> <span class='ocrx_word' id='word_1_148' title='bbox 809 3508 923 3566; x_wconf 83' lang='lat' dir='ltr'>Furiis:</span> 
     </span>
     <span class='ocr_line' id='line_1_25' title="bbox 453 3630 1130 3704; baseline -0.001 -14"><span class='ocrx_word' id='word_1_149' title='bbox 453 3631 672 3704; x_wconf 65' lang='lat' dir='ltr'>caeruleomue)</span> <span class='ocrx_word' id='word_1_150' title='bbox 695 3630 851 3703; x_wconf 85' lang='lat' dir='ltr'>implexae</span> <span class='ocrx_word' id='word_1_151' title='bbox 873 3630 1006 3689; x_wconf 86' lang='lat' dir='ltr'>crinibus</span> <span class='ocrx_word' id='word_1_152' title='bbox 1029 3646 1130 3701; x_wconf 85' lang='lat' dir='ltr'>angue</span> 
     </span>
     <span class='ocr_line' id='line_1_26' title="bbox 362 3753 557 3814; baseline -0.01 0"><span class='ocrx_word' id='word_1_153' title='bbox 362 3753 557 3814; x_wconf 87' lang='lat' dir='ltr'>Eumenides.</span> 
     </span>
     <span class='ocr_line' id='line_1_27' title="bbox 640 3879 1019 3951; baseline -0.003 -14"><span class='ocrx_word' id='word_1_154' title='bbox 640 3879 730 3937; x_wconf 81' lang='lat' dir='ltr'>Herc.</span> <span class='ocrx_word' id='word_1_155' title='bbox 754 3879 820 3937; x_wconf 72' lang='lat' dir='ltr'>Oet.</span> <span class='ocrx_word' id='word_1_156' title='bbox 848 3879 929 3937; x_wconf 81' lang='lat'>1047</span> <span class='ocrx_word' id='word_1_157' title='bbox 954 3894 1019 3951; x_wconf 88' lang='lat' dir='ltr'>sqq.</span> 
     </span>
     <span class='ocr_line' id='line_1_28' title="bbox 542 4003 994 4076; baseline -0.004 -13"><span class='ocrx_word' id='word_1_158' title='bbox 542 4006 606 4063; x_wconf 84' lang='lat' dir='ltr'>Aut</span> <span class='ocrx_word' id='word_1_159' title='bbox 628 4005 655 4062; x_wconf 86' lang='lat' dir='ltr'>si</span> <span class='ocrx_word' id='word_1_160' title='bbox 677 4019 738 4076; x_wconf 90' lang='lat' dir='ltr'>qua</span> <span class='ocrx_word' id='word_1_161' title='bbox 760 4018 832 4062; x_wconf 87' lang='lat' dir='ltr'>aera</span> <span class='ocrx_word' id='word_1_162' title='bbox 854 4003 994 4076; x_wconf 74' lang='lat' dir='ltr'>pervolat</span> 
     </span>
     <span class='ocr_line' id='line_1_29' title="bbox 542 4129 921 4199; baseline -0.005 -11"><span class='ocrx_word' id='word_1_163' title='bbox 542 4130 654 4188; x_wconf 77' lang='lat' dir='ltr'>audilis</span> <span class='ocrx_word' id='word_1_164' title='bbox 677 4143 758 4199; x_wconf 77' lang='lat' dir='ltr'>vaga</span> <span class='ocrx_word' id='word_1_165' title='bbox 780 4129 921 4186; x_wconf 80' lang='lat' dir='ltr'>cantibus</span> 
     </span>
     <span class='ocr_line' id='line_1_30' title="bbox 542 4253 883 4326; baseline -0.006 -14"><span class='ocrx_word' id='word_1_166' title='bbox 542 4254 607 4314; x_wconf 88' lang='lat' dir='ltr'>ales</span> <span class='ocrx_word' id='word_1_167' title='bbox 629 4253 770 4326; x_wconf 72' lang='lat' dir='ltr'>deficiens</span> <span class='ocrx_word' id='word_1_168' title='bbox 792 4253 883 4311; x_wconf 74' lang='lat' dir='ltr'>cadit.</span> 
     </span>
    </p>
   </div>
   <div class='ocr_carea' id='block_1_7' title="bbox 276 4377 1352 4454">
    <p class='ocr_par' dir='ltr' id='par_1_7' title="bbox 276 4377 1352 4454">
     <span class='ocr_line' id='line_1_31' title="bbox 276 4377 1352 4454; baseline 0.001 -16"><span class='ocrx_word' id='word_1_169' title='bbox 276 4379 386 4438; x_wconf 87' lang='lat' dir='ltr'>Nescio</span> <span class='ocrx_word' id='word_1_170' title='bbox 409 4378 481 4454; x_wconf 86' lang='lat' dir='ltr'>quid</span> <span class='ocrx_word' id='word_1_171' title='bbox 500 4378 555 4439; x_wconf 82' lang='lat' dir='ltr'>sibi</span> <span class='ocrx_word' id='word_1_172' title='bbox 578 4377 751 4438; x_wconf 77' lang='lat' dir='ltr'>velilillud</span> <span class='ocrx_word' id='word_1_173' title='bbox 773 4377 928 4452; x_wconf 61' lang='lat' dir='ltr'>deficiens:</span> <span class='ocrx_word' id='word_1_174' title='bbox 952 4379 1063 4438; x_wconf 78' lang='lat' dir='ltr'>cantus</span> <span class='ocrx_word' id='word_1_175' title='bbox 1084 4380 1239 4439; x_wconf 72' lang='lat' dir='ltr'>suavitate</span> <span class='ocrx_word' id='word_1_176' title='bbox 1261 4381 1352 4453; x_wconf 78' lang='lat' dir='ltr'>capla</span> 
     </span>
    </p>
   </div>
   <div class='ocr_carea' id='block_1_8' title="bbox 0 0 1602 5356">
    <p class='ocr_par' dir='ltr' id='par_1_8' title="bbox 0 0 1602 5356">
     <span class='ocr_line' id='line_1_32' title="bbox 0 0 1602 5356; baseline 0 0"><span class='ocrx_word' id='word_1_177' title='bbox 0 0 1602 5356; x_wconf 95' lang='lat' dir='ltr'> </span> 
     </span>
    </p>
   </div>
  </div>
 </body>
</html>
