3150 5356
764 579 808 635 'ab

225 772 264 829 ad
287 785 381 842 quam
404 771 656 830 conscribendam
680 772 834 830 excitatus
857 772 977 832 videtur
1000 789 1019 831 a
1042 774 1185 847 Vergilio,
1207 775 1257 846 qui
1270 777 1348 834 Aen.

224 895 263 953 Π.
290 897 352 955 224
377 911 422 967 44.
446 872 629 954 Laocoontis
652 895 802 954 clamores
825 896 934 954 eadem
961 897 1080 954 ratione
1107 897 1265 955 describit:

401 1036 523 1109 [quoles
545 1037 698 1109 moruus]
720 1036 805 1110 fugit
826 1053 925 1110 quum
947 1037 1071 1096 4444144
1094 1054 1187 1097 quoru

403 1164 512 1219 taurus
536 1163 564 1218 et
585 1161 735 1233 incertam
758 1163 890 1221 excussit
912 1164 1021 1225 ceruice
1043 1164 1184 1222 securim.

224 1302 377 1372 Vergilius
403 1303 511 1360 antem
541 1302 668 1361 Homeri
691 1302 795 1361 locum
818 1305 891 1361 ante
915 1304 1020 1362 oculos
1042 1304 1167 1376 habuit;
1193 1305 1243 1363 hic
1265 1306 1349 1364 euim

223 1426 259 1484 ll.
284 1425 354 1484 XX.
380 1427 453 1498 403,
480 1426 661 1484 cotheba

298 1657 300 1659 ι
334 1580 437 1662 αὐτὰρ
461 1582 481 1643 ὁ
503 1583 608 1661 θυμὸν
632 1583 728 1642 allode
753 1583 806 1641 καὶ
830 1586 955 1662 ἤρυγεν,
980 1582 1022 1652 ὡς
1044 1582 1096 1642 ὅτε
1121 1589 1237 1663 ταῦρος

334 1712 447 1787 ἤρυγεν
472 1703 637 1785 ἑλκόμινος
659 1703 850 1772 Ἑλικώνιον
875 1705 958 1786 ἀμφὶ·
980 1709 1108 1767 ἄνακτα

336 1833 456 1910 κούρων
481 1827 651 1894 ἑλκόντων.

268 1978 393 2036 Ovidius
427 1979 522 2037 etiam
556 1978 698 2036 Herculis
731 1979 883 2037 eruciatus
917 1978 1010 2036 simili
1044 1978 1180 2048 imagine
1211 1977 1347 2036 illustrat

224 2104 350 2162 Metam.
375 2103 429 2161 IX.
455 2105 517 2162 205
542 2119 586 2175 44.

359 2248 446 2306 baud
469 2248 561 2305 aliter
581 2247 738 2321 eruditur,
764 2262 861 2319 queue
883 2248 911 2305 41
932 2247 1086 2306 ueuubuur
1111 2249 1220 2305 444144
1324 2257 1327 2263 ’

306 2346 314 2354 '
358 2386 483 2444 corpore
504 2373 572 2443 stau
592 2373 691 2444 geret,
716 2369 852 2444 factique
874 2371 1026 2444 refugerit
1047 2374 1164 2430 auctor.

268 2513 367 2572 Nemo
390 2515 498 2572 tamen
520 2529 584 2572 non
608 2514 692 2572 videt
711 2515 835 2587 poetam
853 2513 1007 2584 tragicum
1019 2512 1191 2584 vergilium
1206 2515 1348 2572 secutum

225 2653 309 2709 esse;
334 2653 433 2710 neque
456 2599 611 2696 Homerus
634 2638 718 2696 enim
741 2652 839 2708 neque
859 2636 985 2695 Ovidius
1000 2636 1134 2708 loquitur
1145 2637 1182 2694 de
1195 2635 1348 2694 vulnerati

223 2764 305 2822 tauri
334 2764 472 2834 mugitu:
501 2763 581 2821 alter
608 2761 745 2834 depingit
766 2762 892 2819 taurum
913 2761 1116 2833 mugientem,
1141 2760 1193 2831 qui
1215 2760 1348 2818 trahitur

224 2887 263 2945 ad
290 2901 387 2959 aram,
416 2886 495 2945 alter
516 2886 687 2957 imaginem
709 2885 787 2958 petit
808 2900 828 2943 a
850 2885 938 2942 tauro
962 2883 1124 2942 vulnerato
1147 2898 1167 2940 a
1189 2884 1346 2941 venatore.

223 3010 292 3068 Huc
314 3010 448 3083 pertinet
468 3012 580 3081 Agam.
606 3011 666 3068 777
692 3024 737 3082 sq.
762 3009 812 3067 ubi
834 3009 872 3067 de
894 3011 983 3067 tauro
1006 3023 1125 3080 quoque
1147 3007 1263 3066 incerto
1285 3008 1346 3065 ictu
1420 2997 1424 3004 ’

224 3135 387 3193 vulnerato
409 3150 511 3194 sermo
535 3137 591 3194 est.
639 3135 811 3194 Cassandra
833 3134 917 3192 enim
940 3133 1029 3205 humi
1050 3133 1204 3205 prostrata
1226 3134 1290 3191 est:

586 3276 688 3335 flexo
712 3274 847 3348 qualis
869 3276 964 3334 4444
986 3290 1078 3333 aras
1111 3289 1214 3346 genu

233 3444 240 3456 .
313 3399 466 3457 ceruice
489 3399 632 3457 taurus
654 3399 802 3459 culeus
825 3400 1026 3458 incertum
1048 3415 1204 3471 gerens.

224 3539 313 3597 Hero.
337 3540 394 3597 sur.
421 3542 505 3599 1046
526 3555 591 3612 sqq.
612 3541 690 3599 duae
702 3541 884 3600 coniunctae
895 3542 970 3599 sunt
980 3540 1142 3612 imagines.
1160 3542 1203 3600 De
1215 3541 1347 3600 Hercule

224 3663 309 3720 enim
331 3663 404 3721 dicu
426 3630 653 3736 Amphitryon:
677 3683 681 3695 ·

311 3805 423 3864 flexo
447 3821 550 3878 genu
572 3807 651 3865 iam
673 3808 787 3866 totus
809 3808 856 3866 ad
879 3809 1032 3867 terram
1055 3810 1146 3883 ruit,

313 3932 354 3988 ut
384 3945 503 4003 caesa
532 3931 663 3990 silvis
693 3947 824 4005 ornus,
856 3933 925 3990 aut
954 3935 1097 4006 portus
1126 3934 1227 3992 mari

311 4055 457 4114 datura
479 4055 616 4129 moles,

223 4194 404 4265 quibuscum
438 4195 612 4254 conferatur
645 4196 750 4266 imago
784 4196 823 4254 ad
859 4196 966 4254 Troiae
1001 4197 1156 4255 excidium
1190 4198 1343 4270 spectans,

225 4314 303 4379 Aen.
327 4322 366 4379 H.
392 4322 455 4380 626
480 4336 545 4393 sqq.
