3150 5356
837 589 855 645 8

415 776 538 848 Solique
559 775 638 836 falso
660 776 814 835 credItum
836 776 1004 848 indignans
1025 777 1108 836 diem

416 887 592 946 Phaetonta
613 903 725 947 currus
746 888 835 947 devio
857 888 999 947 excussit
1020 887 1099 960 polo.

288 998 343 1058 Oui
364 999 398 1056 in
420 999 563 1058 mentem
586 1014 650 1058 non
671 999 760 1058 venit
782 998 880 1058 Ovidii
901 998 989 1058 locus
1011 999 1048 1058 de
1070 998 1253 1072 Phaetonte,
1276 998 1401 1057 Metam.

288 1111 327 1169 II.
353 1111 411 1169 161
437 1126 481 1184 sq.

371 1222 430 1282 Sed
444 1222 512 1282 leve
526 1222 649 1296 pondus
663 1224 747 1297 erat,
770 1238 836 1282 uec
858 1222 956 1297 quod
979 1236 1217 1294 cognoscere
1238 1222 1403 1294 possent

371 1332 451 1392 Solis
472 1333 553 1406 equi.

285 1522 414 1582 Phaedr.
438 1523 497 1580 3812
517 1519 587 1595 sqq.
610 1522 702 1580 extat
724 1523 829 1593 imago
851 1538 871 1580 a
890 1523 962 1580 nive
983 1523 1095 1597 petita:

411 1634 573 1693 Lacrimae
594 1633 713 1692 cadunt
733 1648 787 1706 per
809 1648 876 1707 ora,
900 1635 932 1691 et
953 1633 1078 1692 assiduo
1100 1647 1200 1704 genae

411 1760 480 1804 rore
501 1745 688 1817 irrigantur,
712 1743 846 1817 qualiter
868 1745 961 1804 Tauri
982 1745 1065 1817 tugis

412 1856 515 1929 tepido
536 1854 724 1914 madescunt
744 1855 843 1914 imbre
864 1870 1029 1929 percussae
1051 1856 1156 1928 nives;

286 1967 395 2025 eodem
428 1967 522 2025 modo
551 1966 633 2040 apud
655 1966 800 2025 Ovidium
822 1967 969 2025 lacrimae
991 1982 1065 2026 cum
1087 1968 1159 2026 nive
1181 1967 1402 2039 conferuntur,

286 2079 359 2137 Am.
382 2074 404 2135 I.
429 2077 488 2136 727
512 2093 558 2149 sq.
580 2077 666 2136 enim
687 2077 816 2149 legitur:

413 2188 647 2261 Suspensaeque
669 2187 721 2246 diu
743 2187 890 2247 lacrimae
912 2187 1031 2247 fluxere
1053 2204 1107 2262 per
1128 2204 1198 2262 ora,

413 2298 546 2372 qualiter
567 2299 687 2358 abiecta
708 2298 745 2357 de
768 2291 840 2358 niv‘e
862 2300 973 2358 manat
994 2314 1085 2372 aqua.

329 2477 420 2535 Herc.
442 2475 503 2535 fur.
528 2475 587 2533 105
611 2490 657 2547 sq.
680 2475 775 2534 aliam
797 2475 941 2549 videmus
956 2474 1129 2547 imaginem
1139 2474 1173 2532 in
1189 2489 1251 2547 qua
1261 2474 1404 2534 adhiben-

286 2589 325 2647 da
347 2588 492 2647 Ovidium
514 2589 643 2646 secutus
665 2601 734 2645 esse
756 2586 880 2646 videtur
900 2588 1007 2660 poeta3
1030 2585 1072 2644 ibi
1094 2586 1180 2644 enim
1200 2587 1279 2644 Iuno
1295 2585 1405 2645 Furtas

287 2699 456 2772 alloquitur
477 2699 509 2757 et
531 2697 678 2756 hortatur
699 2696 868 2756 Herculem
890 2699 927 2756 ut
948 2696 1169 2770 pessumdant:

728 2807 828 2866 acrior
849 2809 992 2866 mentem
1014 2808 1170 2880 excoquat

416 2935 512 2994 quam
535 2919 588 2991 qui
610 2919 785 2978 caminis
806 2919 919 2992 ignia
940 2919 1136 2979 Aetnaeis
1157 2919 1241 2978 furit.

284 3031 412 3092 Ovidius
433 3032 542 3090 autem
564 3029 659 3088 habet
680 3029 806 3090 Metam.
828 3030 914 3089 XHI.
937 3030 997 3088 867
1021 3046 1086 3104 sqq.
1138 3027 1141 3033 '

410 3141 491 3200 Uror
513 3141 616 3214 enirn,
639 3140 805 3214 laesusque
827 3143 995 3202 exaestuat
1018 3142 1118 3201 acrior
1139 3143 1249 3213 ignis

411 3252 552 3325 Cumque
574 3251 641 3311 suls
662 3252 769 3312 videor
790 3254 979 3313 translatam
1002 3253 1120 3312 viribus
1142 3252 1319 3313 Aetnam

412 3355 535 3439 pectore
557 3364 636 3423 ferre
658 3379 739 3438 mec,

285 3478 318 3538 et
338 3476 463 3537 Heroid.
486 3475 555 3535 XV.
580 3475 629 3534 12.

410 3588 458 3646 Me
481 3585 565 3647 calor
586 3587 772 3646 Aetnaeo
796 3600 858 3644 non
882 3584 986 3645 minor
1008 3585 1103 3657 igne
1125 3586 1223 3644 tenet.

284 3768 422 3840 Denique
448 3766 649 3825 conseramus
670 3765 777 3826 locum
798 3766 836 3826 de
858 3765 1032 3838 Maeandro,
1055 3764 1146 3824 Hero.
1168 3765 1227 3825 fur.
1255 3766 1316 3824 683
1338 3780 1403 3838 sqq.

855 3875 960 3950 Qualis
981 3875 1148 3935 incerta
1168 3890 1270 3948 vagus

413 3987 576 4047 Maeander
598 3987 701 4046 unda
722 3986 848 4061 ludit,
871 3987 903 4046 et
925 3986 1006 4046 cedit
1027 3987 1085 4045 sibi

415 4100 574 4171 instatque
596 4098 762 4173 dubius,
784 4098 884 4158 litus
905 4113 953 4157 an
975 4098 1126 4158 fontem
1148 4099 1273 4173 petat,

287 4228 362 4272 curn
383 4210 510 4270 Metam.
535 4208 617 4268 VIII.
643 4209 701 4268 162
725 4225 791 4284 sqq⁴

413 4321 483 4380 Non
506 4335 597 4380 secus
618 4335 654 4380 ac
675 4319 812 4393 liquidus
833 4321 979 4394 Phrygiis
999 4320 1185 4381 Maeandrus
1206 4322 1239 4381 in
1261 4322 1345 4380 arvis
