3150 5356
756 1884 808 1944 lV.

268 2113 372 2175 Tertia
406 2119 496 2179 huius
526 2124 715 2194 quaestionis
745 2125 832 2195 parte
855 2122 893 2179 ad
916 2120 1014 2179 finem
1037 2120 1183 2192 perducta
1205 2119 1269 2176 iam
1292 2133 1346 2176 eos

224 2235 316 2312 lotos·
327 2246 565 2322 perscrutemur,
588 2250 695 2320 quitus
707 2249 798 2321 poeta
805 2248 942 2318 tragicus
954 2245 1080 2317 Vergilii
1093 2247 1186 2304 verba
1197 2245 1347 2303 adiribens

224 2363 334 2422 eodem
368 2368 487 2429 (licendi
520 2388 633 2443 genere
669 2373 773 2444 utitur,
798 2373 889 2442 atque
912 2371 956 2427 ita
979 2385 1098 2441 quoque
1121 2371 1186 2428 eius
1208 2371 1347 2428 imitator

224 2488 367 2548 extitisse
397 2494 527 2553 videtur.
559 2497 640 2570 Quos
670 2496 849 2568 priusquam
876 2494 1002 2566 profero,
1028 2493 1132 2565 pauois
1155 2493 1347 2550 monendum

224 2612 273 2669 est
307 2630 398 2689 saepe
431 2620 509 2677 mihi
543 2620 718 2693 perdifficile
752 2620 847 2678 fuisse
881 2619 1045 2677 diiudicatu
1076 2618 1182 2676 utrum
1212 2619 1346 2688 cogitan-

225 2736 300 2795 (lum
353 2745 436 2801 esset
488 2745 525 2802 de
569 2745 751 2816 imitatione,
799 2758 839 2800 an
884 2743 921 2799 <ie
965 2742 1091 2802 fortuita
1135 2741 1345 2799 similitudine.
1399 2782 1402 2786 ι

224 2861 333 2936 ltaque
356 2867 468 2950 multa
501 2869 559 2925 hoe
589 2868 688 2939 eapite
718 2865 925 2937 invenientur,
955 2880 1033 2936 quae
1056 2881 1119 2923 non
1141 2868 1226 2924 certa
1248 2866 1346 2923 imita-

226 2985 320 3046 tionis
351 2991 483 3062 vestigia
509 2990 666 3061 exhibent,
699 3002 836 3059 quaeque
860 2987 954 3044 etiam
979 2988 1058 3060 apud
1082 2988 1158 3046 alios
1181 2990 1347 3058 argenteae

225 3111 338 3170 aetatis
361 3117 468 3186 poetas
490 3115 610 3172 extant.
635 3113 717 3187 Quae
741 3112 846 3170 omnia
868 3113 975 3170 tamen
994 3128 1057 3170 non
1081 3113 1179 3186 omisi,
1204 3114 1348 3185 opinatus

225 3234 322 3293 etlam
351 3237 585 3297 multitudinem
615 3239 764 3296 eiusmodi
794 3237 933 3295 looorum
955 3236 1083 3295 alieuius
1104 3252 1173 3295 esse
1195 3239 1348 3295 momenti

225 3357 264 3416 ud
286 3360 494 3421 imitationem
516 3364 714 3437 probandam.

271 3482 399 3543 Initium
433 3488 526 3557 igitur
555 3487 666 3543 farciam
690 3501 709 3543 a
731 3486 832 3543 verbis
855 3487 886 3543 et
898 3484 1225 3559 circumlocutionibus
1239 3487 1348 3558 quibus

226 3601 335 3664 horror
368 3623 404 3665 ao
436 3624 533 3682 pavor·
562 3609 746 3666 indicantur.
774 3607 894 3664 Horum
917 3621 1051 3677 magnus
1074 3608 1153 3680 apuu
1176 3607 1348 3679 Vergilium

226 3728 385 3792 iuvenitur·
401 3750 566 3794 numerus:
584 3736 662 3792 Aen.
679 3734 734 3791 HI.
749 3732 1348 3806 301119111311111·ογ111111111111]11111ἰ,·

226 3853 270 3911 sic
295 3855 405 3916 Troad.
431 3860 494 3917 632
518 3858 646 3930 legitur:

272 3981 449 4054 reliquit
475 3986 635 4042 animus
657 3983 844 4056 metuero,
869 3983 1127 4055 qtrutiuutur,
1152 3982 1300 4056 labant,

227 4101 339 4174 agam.
366 4108 384 4164 5

272 4243 319 4287 en
342 4231 483 4290 horret
505 4232 675 4304 animus,
700 4232 739 4289 et
757 4246 888 4304 putor
910 4231 1088 4289 membru
1111 4232 1275 4304 enotriti,

225 4353 275 4412 tul
297 4335 416 4416 dicendi
437 4359 556 4416 formae
577 4357 718 4431 proxime
734 4357 852 4415 aceedit
862 4357 943 4430 quod
954 4357 1063 4415 dieitur
1075 4356 1163 4414 Here.
1177 4356 1244 4417 Oet.
1262 4357 1345 4415 1993
