3150 5356
768 599 809 662 83

647 800 755 858 Troad.
782 801 845 858 778
868 815 935 872 sqq.

404 941 574 999 Genetricis
597 956 615 998 o
638 956 709 1014 spes
732 955 823 1015 vana,
838 941 897 999 cui
919 941 1049 999 demens
1071 955 1128 1012 ego

403 1065 511 1123 laudes
532 1066 671 1138 parentis
693 1065 827 1139 bellicas
853 1081 953 1124 annos
976 1067 1027 1124 avi

308 1243 316 1250 ,
402 1192 518 1249 med-tos
540 1191 694 1264 precabar,
719 1192 794 1248 vota
816 1191 956 1248 destituit
978 1192 1063 1249 deus.

270 1333 319 1392 Sic
341 1332 432 1392 Oodd.
455 1333 518 1391 Leo
541 1334 647 1390 autem
668 1347 723 1405 pro
745 1332 861 1390 medios
877 1332 1007 1390 coniecit
1020 1333 1113 1390 toties.
1138 1332 1224 1390 Haec
1235 1331 1352 1390 coniec-

225 1461 296 1516 tura
317 1459 395 1516 mihi
418 1458 571 1516 reicienda
593 1457 723 1530 videtur,
749 1455 860 1528 quippe
883 1469 944 1527 qua
966 1454 1025 1513 loci
1048 1455 1205 1513 sententia
1220 1455 1252 1512 et
1269 1469 1351 1525 sym·

225 1583 338 1640 metria
360 1582 578 1640 disturbentur.
625 1580 692 1638 Hoc
710 1579 777 1638 loco
800 1582 892 1652 poeta
916 1580 1049 1650 tragicus
1072 1594 1135 1637 non
1157 1579 1293 1652 loquitur
1314 1580 1352 1637 de

227 1707 319 1779 ronna
353 1707 416 1763 cito
449 1705 574 1762 Priami
604 1705 657 1762 sed
686 1705 723 1762 de
752 1703 841 1761 beatu
864 1706 893 1761 et
914 1702 1005 1778 felici,
1030 1705 1110 1775 quod
1132 1705 1219 1777 patet
1242 1720 1282 1763 ex
1301 1706 1351 1779 iia,

226 1844 304 1899 quae
327 1829 519 1899 sequuntur:
544 1842 591 1885 vs.
617 1827 678 1885 771
704 1841 770 1899 sqq.

402 1951 497 2009 Iliaca
519 1966 582 2009 non
605 1953 639 2008 tu
663 1952 783 2023 sceptra
806 1950 904 2021 regaii
927 1952 1037 2023 potens

403 2078 539 2148 gestabis
561 2077 642 2151 auia,
667 2078 735 2136 iura
757 2092 814 2135 nec
837 2076 958 2149 populis
981 2077 1077 2150 dabis,

403 2202 563 2274 victasque
584 2203 696 2276 gentes
719 2201 776 2258 sub
798 2201 888 2258 tuum
911 2199 1019 2257 mittes
1042 2200 1160 2273 iugum,

226 2342 303 2398 quae
327 2327 433 2399 omnia
456 2328 495 2385 ad
518 2327 632 2385 Priami
655 2327 756 2384 vitam
778 2326 929 2398 spectant,
954 2327 987 2383 et

358 2465 422 2507 non
444 2449 536 2508 Graia
559 2450 669 2507 caedes
690 2451 787 2523 terga,
813 2465 875 2507 non
898 2451 1054 2522 Pyrrhum
1077 2452 1190 2524 trahes,

225 2573 334 2645 quibus
362 2574 464 2632 verbis
489 2574 656 2632 Hectorem
678 2574 850 2646 respexisse
873 2574 996 2632 videtur
1018 2576 1118 2647 poeta.
1154 2577 1264 2648 Itaque
1288 2578 1351 2634 An-

224 2698 391 2755 dromache
423 2698 597 2756 exclamat:
633 2699 667 2772 0,
702 2700 747 2757 mi
781 2697 840 2781 fili,
870 2699 919 2758 cui
949 2700 1095 2773 precabar
1131 2699 1348 2758 fortitudinem

224 2823 329 2896 patris,
364 2823 415 2881 avi
449 2825 586 2882 aetatem
619 2826 765 2900 mediam,
796 2826 815 2882 i.
847 2839 874 2884 e.
905 2823 1070 2882 florentem
1100 2824 1216 2897 opibus,
1240 2838 1346 2896 regne,

224 2946 334 3020 tiberis,
366 2962 439 3022 non
459 2949 531 3020 opto
560 2949 627 3006 eius
656 2951 859 3022 senectutem,
883 2963 980 3020 quum
1002 2963 1079 3021 puer
1101 2947 1244 3007 Herculis
1266 2949 1352 3005 esset

129 3095 132 3105 κ
226 3071 382 3142 captivns3
408 3086 468 3142 qua
491 3072 528 3129 de
551 3088 584 3131 re
606 3073 674 3144 ipsa
696 3072 830 3144 loquitur
853 3088 899 3130 vs.
925 3073 988 3130 718
1013 3087 1078 3144 sqq.

493 3196 570 3254 vidit
592 3197 678 3269 pueri
700 3197 783 3268 regis
805 3196 951 3255 lacrimas

492 3322 524 3378 et
547 3320 637 3378 Troia
659 3320 750 3393 prior,
773 3333 949 3392 parvusque
973 3319 1076 3378 minas

493 3444 589 3502 trucis
611 3443 739 3502 Alcidae
761 3443 850 3502 flexit
872 3444 1024 3502 Priamus.

271 3567 353 3663 Quae
376 3583 472 3640 quum
494 3568 539 3626 ita
557 3568 630 3642 sint,
654 3569 704 3626 hic
726 3568 813 3626 locus
835 3569 1088 3627 emendationem
1110 3570 1174 3626 non
1200 3569 1353 3641 requirere

226 3693 305 3751 mihi
328 3693 458 3751 videtur.

227 3817 353 3874 Accedit
375 3817 456 3888 quod
479 3832 542 3875 vox
566 3819 650 3877 toties
673 3817 774 3877 forma
796 3834 859 3877 non
882 3818 927 3877 ita
949 3817 1060 3877 similis
1082 3819 1132 3876 est
1144 3819 1212 3876 voci
1225 3818 1352 3878 medios.

652 3977 761 4036 Troad.
787 3979 860 4037 792.
885 3993 931 4051 sq.

450 4098 569 4170 ANDR.
594 4101 618 4174 1,
643 4102 721 4160 vade
743 4101 829 4176 iiber,
852 4102 964 4162 liberos
983 4101 1079 4160 Troas
1103 4100 1180 4160 vide.

272 4222 446 4283 ASTYAN.
469 4225 613 4282 miserere
636 4228 745 4284 muter.
778 4227 897 4285 ANDR.
922 4226 994 4300 quid
1011 4241 1099 4287 meos
1113 4225 1229 4285 retines
1248 4226 1356 4286 sinus?
1479 4276 1481 4281 .

196 4416 200 4425 Ι
227 4348 411 4408 Nominibus
437 4350 642 4424 „Astyanax”
667 4352 700 4408 et
725 4352 983 4426 „Andromache”
1008 4353 1139 4412 sublatis
1160 4351 1292 4414 malim:
