3150 5356
761 613 803 669 43

265 807 378 878 Agam.
404 807 466 865 613
491 821 556 878 sqq.
581 805 699 865 Chorus
724 808 761 865 de
785 806 876 865 Troia
899 808 998 866 canit:

310 945 388 989 non
411 930 487 989 illa
509 931 617 989 bello
640 931 761 1003 victa,
787 946 857 989 nee
881 931 1015 1004 armis,

311 1197 426 1253 quam
450 1196 528 1239 non
551 1180 661 1240 Pelei
685 1181 953 1252 Thetidisque
977 1182 1100 1239 natus

310 1320 509 1377 carusque
532 1305 697 1364 Pelidae
721 1305 889 1362 nimium
912 1304 1041 1362 feroci

311 1429 422 1502 vicit,
448 1430 631 1502 acceptis
655 1444 773 1501 quum
795 1429 917 1486 fulsit
939 1429 1073 1502 armis,

311 1552 497 1624 fuditque
521 1553 645 1611 Troas
667 1553 800 1610 falsus
823 1552 1027 1625 Achilles;

311 1679 380 1737 aut
403 1693 521 1750 quum
544 1678 629 1751 ipse
652 1678 816 1738 Pelides
838 1680 996 1738 animos
1018 1679 1179 1738 feroces

311 1804 487 1862 sustulit
509 1803 632 1877 luctu,
657 1804 914 1876 celeremque
939 1805 1050 1863 saltu

312 1928 490 1986 Troades
512 1928 680 1985 summis
703 1928 879 1986 timuere
903 1929 1038 2001 muris,

320 2210 615 2218 —————
645 2176 809 2235 restitit
832 2177 983 2234 annuis

623 2302 743 2360 Troia
764 2303 824 2360 bis
848 2303 993 2375 quinis,

224 2440 319 2497 quam
342 2425 532 2483 sententiam
554 2424 694 2482 invenies
719 2427 795 2483 Aen.
820 2426 858 2482 ll.
886 2427 947 2483 196
972 2440 1037 2497 sqq.

500 2559 501 2562 ’
579 2548 720 2620 captique
742 2548 821 2606 dolis
845 2548 1041 2621 lacrimisque
1065 2548 1184 2621 coactis,

356 2689 433 2747 quos
455 2689 551 2747 aeque
576 2673 717 2747 Tydides,
741 2688 795 2731 uec
818 2673 1002 2731 Larissaeus
1025 2671 1170 2744 Achilles,

356 2813 419 2856 uorl
441 2797 520 2856 uuui
542 2797 685 2855 domuere
708 2797 817 2870 decem,
842 2812 905 2855 uou
927 2796 1011 2855 crille
1035 2795 1170 2854 curiuae.

269 3029 386 3099 agam..
408 3029 469 3087 747
494 3044 540 3100 sq.
565 3027 739 3087 Cassandra
761 3029 798 3086 de
822 3028 941 3086 Troilo:

312 3153 351 3210 te
374 3167 529 3225 sequor,
554 3152 723 3210 nimium
745 3114 827 3210 cito

313 3290 535 3346 congresse
558 3276 714 3334 Achilli
738 3276 884 3334 Troile.
945 3340 948 3345 ,

270 3399 312 3459 Os.
337 3383 415 3460 Aen.
440 3401 464 3459 Ι.
489 3402 553 3459 475
578 3417 634 3475 sq,
659 3401 709 3459 ubi
731 3402 769 3459 ab
792 3402 899 3460 Aenea
921 3401 1106 3474 conspicitur

309 3526 403 3598 parte
425 3524 471 3582 al'
513 3523 646 3598 seuleus,
671 3525 795 3583 arnissis
819 3524 942 3583 Troilus
965 3524 1081 3582 aruris:

313 3647 425 3720 iufelirc
442 3664 526 3721 puer
548 3650 641 3721 alque
663 3649 799 3722 impar
821 3664 1066 3722 cauaressus
1088 3648 1257 3707 Achilli.

211 3851 315 3919 ‘Herc
339 3861 395 3919 sur.
424 3862 438 3918 1
465 3877 509 3933 sq.
534 3862 611 3920 Iuno
635 3861 808 3920 exclamat:

358 4001 472 4044 soror·
495 3987 697 4045 Tonantis
719 3988 802 4055 (hoc
825 3987 931 4046 enim
954 3986 1084 4045 solum
1108 3986 1206 4045 mihi

359 4127 503 4170 nomen
525 4112 720 4171 relictum
742 4113 823 4181 est).

181 4306 184 4312 1
225 4235 317 4294 Hunc
338 4235 451 4308 locum,
476 4237 511 4293 ut
533 4235 705 4294 Gronovius
728 4236 867 4309 annotat,
891 4236 1026 4308 sumpsit
1047 4237 1139 4309 poeta
1158 4250 1177 4293 a
1194 4235 1343 4306 Vergilia.

226 4360 307 4433 apud
329 4376 421 4433 quem
445 4362 523 4419 Aen.
547 4360 599 4419 IV.
625 4361 688 4419 323
713 4375 757 4432 sq.
782 4360 857 4417 Dido
881 4361 1005 4418 Aeneae
1028 4361 1117 4418 dicit:
