3150 5356
260 824 372 893 Agam.
399 827 462 886 443

615 969 787 1026 posuere
824 957 972 1013 cousus.

261 1075 309 1134 Sio
334 1079 436 1136 iousoe
459 1094 513 1151 pro
536 1080 630 1138 remis
654 1081 733 1139 Aen,
758 1080 825 1139 VII.
853 1081 892 1139 27
1071 1042 1073 1051 V

528 1204 685 1265 luciuuiur
709 1206 743 1264 iu
766 1219 924 1263 marmore
949 1205 1098 1274 tousoe,

261 1327 339 1386 Aen.
363 1327 402 1384 X.
429 1328 491 1387 299

571 1453 645 1511 socii
667 1468 848 1526 cousurpere
874 1451 1013 1524 tonsio,

261 1591 341 1663 quod
374 1591 483 1650 temen
515 1592 580 1650 iam
610 1593 690 1666 apud
724 1593 860 1652 Ennium
884 1584 905 1662 ¹)
928 1590 1085 1650 invenitur
1108 1581 1388 1659 otLuo1etium2)

261 1730 360 1787 neque
388 1714 478 1774 aliter
500 1716 647 1775 dixerunt
665 1716 807 1775 Valerius
830 1716 958 1774 Fiaoous
970 1706 993 1786 ³)
1016 1715 1048 1774 et
1071 1709 1162 1774 Silius
1184 1715 1313 1774 Italicus
1328 1711 1367 1784 ⁴).-

305 1891 400 1951 Pauio
433 1892 514 1952 infra
546 1894 579 1952 in
613 1895 722 1953 eadem
755 1895 907 1967 procellae
935 1895 1147 1968 descriptione,
1172 1895 1285 1965 Agam.
1312 1895 1386 1964 572,

262 2018 408 2090 leguntur
432 2018 525 2077 haec:

351 2162 423 2219 has
446 2161 588 2244 inopes
610 2161 740 2220 undae
763 2160 905 2220 brevia
928 2159 1211 2219 comminuunt
1230 2158 1341 2231 vada,

262 2317 324 2374 quo
345 2302 465 2361 dicendi
486 2301 588 2361 forma
610 2303 707 2361 utitur
729 2302 883 2373 Vergilius
906 2303 984 2360 Aen.
1008 2301 1045 2358 V.
1072 2302 1132 2359 221
1158 2316 1204 2373 sq.

351 2429 381 2485 et
396 2427 542 2500 primum
563 2427 687 2501 scopulo
711 2428 876 2486 iuoiuuteuu
899 2426 1011 2485 deserit
1032 2426 1095 2484 olio

351 2552 521 2626 Serpesiem
545 2552 816 2626 breuibusque
838 2551 953 2609 podis
975 2550 1159 2637 frustroque
1181 2551 1358 2619 uouentem,-

262 2678 306 2735 iia
329 2677 402 2735 dieii
425 2676 537 2751 brevio,
570 2677 650 2749 quod
661 2676 744 2734 idem
766 2690 836 2734 esse
860 2675 982 2733 videtur
1004 2689 1040 2733 ao
1063 2674 1251 2734 Graecorum
1273 2672 1387 2733 locutio

264 2796 306 2856 τὰ
329 2791 457 2879 βραχέα,
505 2800 583 2858 Aen.
607 2801 632 2858 I.
660 2800 722 2857 110
748 2813 793 2870 sq.

799 2924 858 3000 tres
881 2921 986 2981 Eurus
1010 2922 1050 2981 ub
1073 2922 1137 2981 olio
1242 2945 1246 2949 ·

396 3048 430 3106 iu
455 3047 594 3107 brevio
617 3049 646 3105 ei
667 3045 773 3121 Syrios
796 3049 917 3120 urpuet,

265 3204 325 3262 qua
346 3189 379 3247 in
401 3204 434 3247 re
456 3204 530 3248 eum
562 3188 700 3261 sequitur
734 3190 868 3263 Taoiius,
899 3190 950 3262 qui
973 3190 1105 3249 Anni.
1131 3192 1388 3250 70habeizuou

265 3334 397 3393 discerni
414 3335 563 3408 poteraut
582 3333 700 3392 iuoertu
722 3332 763 3391 ob
786 3331 903 3407 solidis,
930 3333 1034 3392 breuia
1057 3348 1077 3391 o
1095 3333 1276 3407 profuudu'e.

265 3567 355 3626 Hero.
389 3566 447 3624 fur.
474 3566 534 3624 101
560 3579 605 3636 sq.
631 3563 668 3622 de
690 3563 788 3622 tribus
811 3563 910 3621 Furiis
925 3564 1059 3629 dicitur:

398 3707 539 3767 upmeu
562 3690 809 3750 horrendum
831 3689 1035 3760 anguibus

398 3817 555 3889 Megara
580 3816 719 3887 dueat3
1001 3880 1006 3888 ,

266 3937 311 3996 ita
330 3953 442 4011 apuu
464 3938 673 3997 eumenidum
697 3937 856 3995 invenitur
878 3937 957 3996 nen.
981 3937 1034 3996 iv.
1060 3903 1145 3999 461

399 4060 609 4121 Eumenidum
630 4061 724 4120 ueluti
747 4061 870 4119 demens
894 4061 973 4118 uidit
994 4063 1161 4134 opmu'uu
1182 4063 1345 4122 Pentheus.

306 4283 327 4350 ¹)
364 4287 432 4335 Enn.
452 4285 522 4336 Ann.
542 4286 598 4336 VII.
617 4302 642 4351 p.
664 4283 734 4336 6-8
754 4285 891 4350 (Vahlen).
966 4285 990 4349 ²)
1027 4285 1131 4337 Lucret.
1151 4286 1185 4337 11.
1205 4285 1265 4338 554.

304 4390 329 4463 ⁸)
367 4392 423 4444 Vei.
443 4392 528 4445 Flaoo.
548 4393 568 4445 l.
587 4390 649 4442 369.
724 4389 746 4459 “)
785 4392 831 4443 Sil.
850 4392 896 4444 xi.
915 4390 974 4442 491.
