3150 5356
700 609 740 670 61·

204 804 358 879 Vergilius
388 806 461 866 dicit
490 822 590 865 reruos
622 806 742 881 leuturt,
767 821 863 881 quum
886 795 955 866 nisu
979 806 1114 882 remigis,
1139 807 1281 868 fiuctibus

161 933 354 1006 obluctantia,
383 933 555 1006 paullulum
572 932 747 1006 fleetuntur,
761 933 811 991 vel
823 934 1042 992 incurvantur:
1056 934 1134 992 Aen.
1147 934 1202 991 Hi.
1217 935 1280 993 384

249 1060 320 1115 uute
342 1060 371 1115 et
393 1056 558 1115 Triuuerr'u
583 1057 802 1116 leutuudus
826 1073 958 1117 reruus
981 1059 1015 1117 13
1037 1059 1125 1118 33113
1148 1058 1179 1128 ¹).

162 1180 250 1239 Idem
272 1181 305 1239 in
328 1182 566 1252 Agamemnone
589 1182 729 1240 invenies
752 1199 797 1240 vs.
824 1185 887 1241 435

294 1309 487 1390 properat
509 1308 705 1365 iuventus
728 1308 859 1365 omnis
881 1308 1080 1368 adductos
1102 1310 1226 1368 simul

297 1432 455 1491 leuiore
477 1448 616 1492 remos.

66 1645 73 1659 x
162 1608 251 1667 Hero.
275 1610 333 1669 fur.
359 1611 422 1669 365
446 1625 520 1682 ager
542 1610 652 1670 dicitur
674 1611 834 1684 squalere:

696 1738 779 1794 tum
814 1736 947 1793 vastis
977 1750 1073 1806 ager

386 1860 594 1931 squalebit
627 1861 748 1933 arvis,

164 1998 296 2056 quocum
319 1983 493 2042 conferatur
516 1984 670 2056 Vergilius
691 1984 724 2042 in
747 1983 902 2054 Georgicis
926 1984 950 2041 I.
976 1984 1037 2042 507

430 2109 574 2181 squuleut
595 2108 735 2167 aberretis
758 2123 837 2166 areu
859 2107 981 2181 eolouis,

165 2235 197 2292 et
219 2233 311 2292 Silius
332 2233 468 2306 Italicus,
493 2234 544 2305 qui
566 2234 621 2291 ill.
647 2234 710 2291 655
734 2233 828 2290 habet
850 2233 954 2305 eurupr'
976 2232 1158 2304 squalentes.

165 2430 201 2487 ln
232 2431 342 2488 eadem
364 2431 523 2501 tragoedia
545 2446 591 2487 vs.
617 2431 680 2488 790
707 2430 846 2487 videmus
870 2429 997 2486 verbum
1021 2427 1180 2502 subripere
1204 2443 1286 2486 usur-

165 2556 275 2627 patum
296 2571 351 2627 pro
374 2570 419 2628 eu,
444 2555 524 2626 quou
547 2555 690 2612 usitatius
712 2555 769 2627 est,
794 2554 942 2626 arripere.

211 2681 254 2738 De
277 2680 404 2738 Cerbero
427 2680 512 2737 euim
535 2679 660 2737 dieitur:

300 2804 470 2862 missum
492 2805 633 2877 captat
655 2818 753 2861 uure
776 2802 968 2861 subrecta
990 2817 1145 2873 sonum;

167 2927 211 2985 sic
234 2941 326 2986 uures
349 2927 507 3001 subripere
529 2929 687 2987 invenitur
709 2929 787 2986 Aen.
811 2927 864 2985 lV.
891 2928 963 3001 183,
988 2928 1038 2985 ubi
1061 2928 1098 2984 de
1120 2927 1234 2984 Fama:

223 3054 265 3109 tot
287 3052 420 3127 liuquue,
447 3053 570 3110 totidem
593 3068 650 3110 ora
672 3055 792 3125 333331,
821 3054 878 3109 131
898 3051 1064 3125 subripi
1073 3054 1084 3109 t
1106 3066 1225 3108 aures

169 3179 201 3235 et
222 3177 312 3236 Hero.
336 3178 393 3235 fur.
419 3179 481 3236 392

258 3301 353 3373 quin
376 3301 461 3373 ipse
484 3303 645 3359 torvum
668 3301 888 3374 surbriqeus
912 3301 1042 3360 erista
1065 3303 1195 3374 eaput.

170 3425 275 3483 Senes.
305 3425 342 3482 de
365 3425 460 3482 irai.
488 3427 515 3483 1.
540 3425 668 3482 leorreut
690 3426 718 3481 et
738 3423 946 3496 subriguntur
968 3423 1084 3497 supitii.

170 3550 229 3608 Sed
263 3550 395 3607 eandem
428 3550 547 3608 dicendi
580 3550 714 3608 formam
748 3550 888 3607 invenies
921 3548 1002 3622 apud
1024 3548 1168 3621 Statium,
1194 3548 1288 3606 Theb.

170 3677 209 3734 il.
235 3676 274 3733 27

262 3798 409 3858 Cerberus
432 3814 535 3856 omues
558 3799 697 3872 cupitum
719 3796 859 3856 subrexit
880 3797 993 3870 133133,

172 3924 204 3980 et
226 3924 348 3996 saepius
370 3925 450 3997 apud
472 3924 616 4002 Plinium,
642 3926 677 3982 ut
699 3924 736 3981 N.
760 3923 799 3981 H.
823 3923 863 3981 X.
884 3923 934 3980 29.

84 4106 140 4202 19.
172 4117 343 4177 Heme-fur».
369 4121 430 4179 631

210 4291 232 4356 ¹)
270 4292 336 4341 Cum
365 4291 473 4356 Vergilii
500 4292 557 4340 loco
576 4290 700 4355 Forbiger
718 4291 852 4355 componit
872 4290 968 4342 Catuli.
992 4289 1035 4341 6‘2.
1054 4290 1120 4342 183:
1143 4294 1204 4358 »qui
1224 4293 1292 4360 fugit

174 4384 259 4432 lentos
278 4382 422 4430 incurvans
440 4381 542 4447 gurgite
562 4379 678 4430 reutosss’
