3150 5356
249 768 339 827 Herc.
364 767 422 826 fur.
446 767 530 826 1324
555 782 600 840 sq.

338 893 429 966 quis
451 893 601 952 Tanais
624 893 693 951 aui
715 891 805 964 quis
826 891 944 951 Nilus
966 892 1037 950 eui
1059 891 1150 963 quis
1172 892 1339 951 Persica

338 1015 545 1075 violentos
568 1017 677 1075 cedo
701 1016 829 1088 Tigris
852 1017 921 1074 aui
943 1015 1105 1074 Rhenus
1127 1016 1260 1087 ferox3

250 1141 374 1200 etiamsi
407 1141 444 1200 de
478 1143 582 1215 venio,
618 1155 682 1198 non
716 1141 754 1198 de
767 1138 916 1197 ·ssumine
938 1138 1092 1197 locutione
1114 1139 1264 1198 oc'oieeiuc
1287 1154 1380 1221 occo
1413 1171 1416 1175 .

251 1267 348 1326 utitur
381 1265 543 1341 Vergilius,
579 1267 687 1325 tamen
721 1263 894 1323 notandum
913 1262 1036 1322 videtur
1058 1265 1138 1323 Aen.
1162 1264 1214 1324 VI.
1240 1265 1304 1324 356
1328 1279 1373 1338 sq.

252 1387 328 1450 eum'
347 1390 391 1449 sic
413 1389 588 1462 scripsisse:

387 1516 446 1572 trec
468 1513 568 1573 Notos
592 1512 737 1572 hibernae
760 1511 914 1570 immenso
930 1526 992 1585 per
1014 1525 1153 1583 aequora
1175 1513 1293 1583 eoem·

385 1638 468 1697 vexit
487 1653 536 1697 me
557 1637 764 1697 violentus
787 1650 904 1709 coco.

254 1852 335 1910 Tum
364 1852 504 1911 mortuos
526 1853 655 1924 uterque
677 1851 768 1924 poeta
791 1850 884 1909 vocet
905 1849 1037 1923 eiectos,
1062 1864 1123 1922 que
1145 1850 1268 1924 quidem
1288 1850 1378 1910 inre

254 1976 383 2035 comites
405 1976 520 2034 hebeni
542 1974 686 2034 Ovidium
709 1965 730 2043 ¹)
754 1974 786 2033 et
808 1972 968 2032 Valerium
990 1973 1137 2032 Flaccum
1154 1967 1199 2044 ὃς

299 2099 389 2158 Herc.
414 2099 480 2158 Oet.
505 2099 546 2157 22
570 2112 636 2171 sqq.
659 2097 810 2157 Hercules
832 2097 892 2157 eii:

389 2221 473 2284 vidi
495 2221 693 2280 silentum
714 2221 802 2281 faia
825 2237 897 2281 nec
919 2223 1082 2282 tantum
1104 2224 1200 2298 redi,

389 2346 458 2406 sed
480 2346 668 2421 trepidus
690 2347 824 2405 atrum
847 2345 1062 2414 Cerberum
1088 2347 1194 2407 vidit
1216 2348 1311 2423 dies,

259 2478 268 2487 ‘
389 2472 429 2531 et
450 2471 524 2530 ille
547 2471 684 2530 solem.

259 2597 337 2656 Aen.
361 2596 414 2655 VI.
440 2597 503 2655 432
527 2611 599 2669 sq..

791 2700 844 2760 ilic
865 2699 1062 2759 silentum

391 2824 615 2898 coeciliumque
636 2826 732 2898 oocoi,
755 2823 896 2898 oiioeqcc
920 2825 949 2882 ci
970 2823 1104 2883 crimino
1127 2823 1232 2896 22862,-

152 2932 157 2939 ’
251 2926 302 3009 'ita
324 2950 402 3008 Meo.
428 2949 491 3008 740

482 3087 717 3147 comprecor
740 3072 890 3144 vulgus
912 3071 1108 3131 silentum

258 3201 291 3260 ei
312 3199 441 3259 Phaedi.
468 3199 529 3258 221
556 3199 652 3258 Orcus
674 3199 803 3256 vocatur
827 3196 936 3255 domus
959 3194 1062 3254 silem.

261 3446 338 3506 Aliis
360 3445 435 3505 locis
458 3447 585 3519 uterque
608 3446 700 3518 poeta.
722 3444 860 3504 homines
868 3444 1090 3518 privatoeoito
1103 3446 1195 3504 vocet
1208 3445 1384 3504 cccccccccc

260 3576 295 3632 ut
317 3572 515 3634 Troed..603
538 3572 577 3630 de
598 3571 747 3630 Hectore:

396 3696 480 3757 lucc
503 3712 643 3757 coesus
666 3697 777 3755 inter
799 3695 1013 3755 extinctos
1035 3693 1160 3766 iacet,

261 3824 395 3884 otiien.
418 3823 458 3882 Π.
484 3822 525 3880 85

482 3960 566 4004 ecoe
588 3958 748 4004 coecum
771 3941 923 4002 lumine
948 3940 1052 4015 locem
1073 3929 1107 4010 ⁸).

301 4119 323 4186 ¹)
342 4119 415 4170 Ovid.
444 4120 548 4169 Metam.
574 4118 629 4168 XV.
650 4116 702 4167 772
725 4117 813 4166 »sedes
832 4117 934 4165 intrare
954 4114 1112 4164 silentum.·'

302 4220 322 4281 ¹)
338 4224 395 4274 Val.
414 4223 499 4272 Flacc.
519 4221 538 4270 I.
560 4219 619 4270 750.

303 4325 325 4395 ⁸)
345 4328 385 4385 Cf.
405 4328 507 4378 Luccei¹
528 4327 563 4383 V,
584 4323 644 4382 518,
