3150 5356
781 532 818 588 21

369 727 488 800 pomuli
509 726 566 784 sub
585 725 723 799 pondere
746 724 858 799 cymba
882 715 913 793 ¹).

235 851 405 924 Conspecto
439 850 571 908 Hercule
604 849 756 922 trepidare
789 848 949 919 finguntur
983 849 1110 908 umbrae
1137 851 1359 924 monstrorum,

237 992 315 1051 quae
338 978 371 1034 in
393 976 483 1034 terris
506 974 714 1033 debellaverat
738 974 921 1046 778-781,

301 1104 397 1159 tunc
422 1101 533 1158 victa
555 1099 767 1172 trepidant
789 1100 967 1172 monstra,
992 1099 1187 1158 Centauri
1210 1102 1349 1158 truces

301 1224 583 1296 Lapithaeque
606 1223 734 1281 multo
756 1223 796 1280 in
819 1223 928 1281 bella
950 1224 1139 1282 succensi
1163 1240 1279 1296 mero,

301 1347 470 1419 Stygiae
493 1346 657 1419 paludis
679 1346 850 1404 ultimos
873 1328 1074 1418 quaerens
1097 1348 1213 1406 sinus

300 1471 474 1538 fecunda
495 1471 646 1540 mergit
668 1471 805 1543 capita
828 1472 1035 1530 Lernaeus
1058 1472 1181 1531 labor.

234 1595 283 1653 uic
306 1609 425 1666 quoque
448 1593 603 1665 Vergilius
625 1594 747 1667 scripsit
770 1597 847 1652 Aen.
872 1595 925 1652 VI.
951 1597 1014 1654 489
1038 1611 1104 1668 sqq.

366 1720 401 1775 ut
421 1717 571 1775 Daunum
589 1732 732 1790 proceres
754 1717 1080 1791 Aqumemuouiceque
1099 1719 1285 1792 ptumupes,

366 1843 401 1898 ut
421 1841 523 1899 uidere
545 1841 649 1899 uirum
670 1841 884 1914 frrlpmtiuqua
907 1857 1001 1899 urmu
1018 1857 1079 1914 per
1102 1843 1241 1915 umbrae,

366 1965 485 2038 inperiti
509 1965 663 2038 trepidare
685 1968 778 2023 metu.

279 2090 421 2161 sequitur
450 2089 537 2148 locus
567 2089 604 2148 de
634 2089 771 2163 Cerbero,
803 2090 842 2148 ad
872 2104 966 2167 quem
997 2091 1117 2150 videtur
1140 2093 1357 2151 annotandum

232 2214 397 2283 utrumque
420 2212 545 2284 poetam
568 2211 706 2270 locutum
729 2227 798 2270 esse
821 2212 858 2270 de
880 2213 956 2271 solio
979 2213 1078 2272 Ditis:

231 2355 321 2413 Herc.
345 2354 402 2412 fur.
429 2355 503 2413 804.
528 2370 573 2427 sq.
831 2357 1028 2415 extimuit
1050 2358 1193 2416 sudeus

365 2481 537 2551 uterque
567 2480 672 2539 solio
702 2481 890 2539 dominus
920 2483 959 2540 et
989 2482 1079 2540 duci
1109 2478 1229 2540 iubet.

231 2621 309 2679 Aen.
334 2621 386 2679 VI.
412 2622 476 2680 395
501 2637 545 2693 sq.
570 2621 620 2680 ubi
643 2583 765 2681 Charon
788 2623 825 2680 de
848 2622 981 2682 Hercule

320 2746 491 2804 Turturum
513 2746 565 2805 ille
587 2762 686 2805 mauu
709 2747 863 2806 custodem
885 2748 919 2806 iu
941 2747 1043 2806 uincta
1059 2747 1171 2820 petiuit

318 2871 454 2943 ipsius
478 2886 499 2928 u
520 2870 625 2929 solio
648 2871 758 2944 repis
783 2871 939 2944 traxitque
964 2873 1149 2929 trementem.

155 2986 158 2990 ’
229 2996 337 3054 Restat
359 2997 394 3053 ut
416 2995 611 3054 mentionem
633 2995 746 3053 faciam
768 2995 806 3053 (le
829 2994 1011 3052 umbrarum
1033 2994 1280 3065 enumeratione;

228 3121 318 3180 Herc.
342 3120 400 3179 fur.
424 3136 471 3179 vs.
497 3121 561 3179 848
585 3135 650 3192 sqq.
675 3119 760 3178 enim
782 3100 951 3189 legimusz'

318 3247 437 3304 tanta
467 3261 536 3318 per
566 3259 728 3317 campos
758 3241 896 3314 agitur
927 3242 1105 3301 silentes

317 3370 448 3428 turba!
482 3383 575 3442 pars
605 3367 723 3426 tarda
752 3365 947 3436 gradiens
977 3367 1147 3424 senecta

316 3494 471 3567 tristis,
503 3497 542 3552 et
571 3493 694 3564 longa
724 3493 881 3551 satiata
912 3491 1015 3562 vita;

266 3749 287 3817 ι)
306 3753 411 3810 ¹Tissot
429 3755 502 3803 huuc
521 3754 609 3803 locum
628 3756 746 3802 tractans
765 3753 1045 3819 (EtudessurVirgile
1055 3753 1075 3802 Ι.
1087 3768 1144 3818 pag.
1155 3751 1220 3816 473)
1230 3754 1346 3817 scripsit:

226 3843 260 3891 Ni
287 3844 311 3891 le
335 3843 421 3892 Dante
441 3844 469 3892 ni
487 3843 603 3892 l’auteur
621 3843 652 3893 de
671 3843 831 3907 Tele'maque
850 3843 926 3892 n'ont
945 3843 1082 3906 reproduit
1101 3843 1125 3890 la
1145 3844 1227 3906 petite
1246 3843 1349 3892 circon-

225 3935 316 3980 stance
337 3932 369 3981 de
388 3933 413 3980 la
432 3933 539 3996 barque,
559 3933 605 3995 qui
624 3931 715 3981 flechit
733 3944 796 3983 sous
815 3932 839 3980 le
849 3932 922 3994 poids
932 3931 1044 3994 d'Eue'e;
1056 3929 1185 3994 seneque,
1195 3931 1242 3994 qui
1255 3946 1349 3993 pousse

226 4023 284 4068 tout
303 4020 317 4068 i
336 4019 438 4079 l'exces,
454 4021 520 4068 mais
539 4020 586 4082 qui
605 4035 620 4067 a
639 4020 753 4068 l’excuse
772 4020 803 4068 de
824 4020 911 4082 parler
930 4019 1070 4085 d'llercule
1090 4019 1142 4067 dit:
1164 4019 1199 4068 Le
1209 4019 1251 4069 fils
1261 4019 1349 4069 d’Alc-

226 4109 309 4170 mene,
339 4108 479 4171 impatieut
510 4107 542 4156 de
560 4112 619 4156 tout
638 4108 724 4155 retard
744 4108 792 4156 fait
811 4108 982 4157 violencefau
1002 4108 1102 4156 nocher
1120 4107 1165 4156 des
1185 4112 1267 4157 morts
1285 4123 1347 4158 avec

225 4212 272 4246 sou
292 4212 385 4260 propre
404 4197 504 4258 aviron,
524 4202 550 4245 et
569 4201 659 4245 monte
677 4211 724 4245 sur
743 4197 767 4245 la
786 4194 929 4277 poupej-‘la
949 4197 1048 4260 barque
1068 4198 1175 4260 capable
1185 4197 1216 4245 de
1227 4198 1348 4246 coutenir

225 4291 284 4334 iant
303 4286 334 4334 de
354 4286 462 4349 peuples
480 4285 571 4334 flectit
589 4289 650 4334 sous
669 4285 692 4333 le
713 4284 785 4347 poids
804 4280 872 4411 d’sun'
889 4286 946 4334 seul
964 4286 1079 4336 homme.
