3150 5356
770 577 805 632 31

273 767 389 825 Eadem
423 767 559 838 imagine
593 770 683 840 poeta
717 771 845 842 uterque
879 771 1015 830 illustrat
1043 772 1179 832 furorem
1201 774 1348 848 meliotis,

228 891 314 948 ouius
347 906 488 948 amorem
523 892 569 949 vir
603 894 733 964 sprevit3
769 894 845 952 Med.
883 896 946 952 382
981 896 1066 953 enim
1089 898 1201 954 nutrix·
1218 897 1291 955 dicit
1313 898 1350 955 de

228 1015 349 1073 Medea:

317 1175 477 1232 ineerta
500 1174 635 1245 qualis
658 1176 831 1234 entheos
853 1192 997 1234 cursus
1019 1176 1129 1251 tulit,

318 1312 435 1369 quum
459 1299 537 1355 iam
560 1300 725 1371 recepto
749 1300 910 1358 Maenas
933 1301 1093 1358 insanit
1116 1301 1193 1359 Deo

316 1419 432 1476 Pindi
456 1419 612 1478 nivalis
636 1423 802 1494 vertice,
828 1424 896 1480 aut
918 1423 1052 1494 Nysae
1075 1424 1199 1494 iugis:

315 1542 416 1600 taiis
438 1530 627 1601 recursat
650 1545 725 1602 hue
747 1547 787 1602 et
810 1546 884 1604 hue
908 1548 1017 1604 motu
1041 1546 1180 1621 effeno,

315 1668 467 1726 furoris
490 1683 557 1726 ore
580 1669 699 1739 signa
721 1669 928 1742 lymphati
951 1685 1107 1741 gerens.

226 1828 387 1901 Reponitur
410 1828 486 1886 haee
505 1829 609 1900 imago
622 1831 700 1886 Aen.
714 1816 767 1886 IV.
781 1830 844 1887 300
857 1844 933 1901 sqq„
948 1829 997 1886 ubi
1009 1830 1135 1888 Didonis
1146 1830 1229 1888 furor
1240 1832 1347 1890 deseri-

227 1952 315 2024 bitur,
348 1967 426 2024 qnae
456 1953 552 2009 sentit
582 1954 722 2010 Aeneam
751 1953 783 2009 in
807 1953 911 2010 animo
934 1953 1045 2012 habere
1069 1954 1151 2013 elam
1173 1955 1332 2028 proficisci.

359 2113 455 2170 saevit
476 2113 566 2185 inops
589 2113 690 2170 ereirra'
714 2116 868 2185 totamque
891 2114 1016 2172 incenso
1034 2130 1094 2187 per
1117 2114 1226 2172 arbem

363 2235 538 2308 bacchetur,
564 2235 668 2307 erretis
691 2237 848 2294 commotis
871 2237 970 2294 eeeite
992 2238 1089 2295 saeris

361 2361 487 2436 Thyias,
511 2361 567 2418 ubi
589 2361 695 2420 aedito
719 2362 884 2421 stimularit
907 2363 1057 2422 trieterica
1080 2363 1200 2423 Boccho

358 2486 449 2559 oreta
471 2465 700 2558 nocturnusque
722 2488 810 2543 ooeet
831 2485 964 2544 eminere
990 2485 1162 2545 Cithaeron.

224 2664 314 2723 Hero.
340 2665 405 2723 Oet.
434 2666 494 2723 143
518 2679 583 2735 sqq.
608 2664 720 2722 chorus
742 2663 907 2721 Herculem
925 2662 1161 2735 itaalioquitur:
1186 2680 1249 2722 non
1272 2665 1346 2722 Iove

225 2764 318 2848 natus
348 2791 402 2848 sed
431 2790 513 2847 inter
542 2788 670 2861 populos
696 2789 777 2846 feros
798 2791 831 2845 et
849 2789 992 2846 barbaros
1015 2791 1195 2861 procreatus
1218 2805 1251 2847 es
1274 2793 1347 2847 eta

224 2914 296 2972 feris
315 2913 425 2975 ,bestiis
447 2913 599 2970 nutritus:

313 3085 412 3142 quae
435 3071 577 3147 cautes
600 3070 805 3143 Scythiae,
830 3071 920 3141 quis
942 3072 1086 3142 genuit
1109 3065 1238 3145 lap'is‘?

312 3195 411 3251 Num
434 3195 583 3252 Titana
605 3194 731 3252 ferum
754 3196 792 3252 te
815 3179 1002 3267 Rhodope
1025 3196 1135 3269 tulit,

313 3320 351 3376 te
374 3320 623 3391 praeruptus
646 3320 784 3392 Athos,
810 3322 848 3377 te
872 3320 958 3377 fera
982 3319 1158 3394 Caspias,

312 3459 411 3516 quae
436 3445 600 3514 virgata
623 3443 698 3501 tibi
721 3444 911 3516 praebuit
935 3443 1078 3501 ubera?

223 3619 301 3676 quae
330 3618 427 3675 quum
456 3603 619 3661 translatio
650 3603 730 3675 apud
753 3602 870 3660 multos
892 3602 969 3660 alios
991 3603 1167 3661 inveniatur
1189 3605 1297 3675 poetas
1310 3603 1342 3678 ¹),

223 3731 330 3787 tamen
353 3702 526 3786 notandum
549 3729 597 3785 est
619 3743 639 3785 a
661 3727 795 3798 Vergilio
815 3741 934 3798 qnoque
946 3740 1024 3783 saxa
1035 3727 1067 3784 et
1078 3727 1174 3796 tigres
1186 3728 1341 3797 coniungi.

224 3853 301 3910 Aen.
326 3851 378 3908 IV.
404 3852 467 3908 365
492 3850 576 3907 enim
599 3850 675 3907 Dido
698 3850 747 3907 his
771 3850 871 3907 verbis
893 3848 1059 3919 alloquitur
1081 3849 1231 3922 Aeneam,

261 4107 282 4176 ¹)
302 4112 336 4161 ef.
356 4112 410 4162 Ecl.
429 4112 499 4163 VIII.
522 4109 556 4159 43
574 4125 639 4175 sqq,
660 4109 813 4173 cautim,
833 4110 885 4160 itt
904 4127 970 4175 sqq„
992 4113 1052 4161 Hor.
1073 4109 1121 4161 Od.
1141 4111 1160 4162 1.
1182 4110 1207 4161 3.
1223 4110 1248 4173 9,
1268 4109 1343 4160 Ovid.

133 4288 137 4293 ἢ
223 4218 328 4266 Metam.
353 4217 386 4267 11.
408 4217 468 4277 224,
494 4218 550 4267 VII.
577 4216 618 4280 32.
646 4217 715 4267 VIII.
741 4216 801 4267 ΗΟ.
828 4218 903 4268 Trist.
924 4219 945 4268 1.
964 4216 988 4268 8.
1008 4217 1050 4278 41,
1070 4218 1117 4268 III.
1137 4217 1180 4267 ii.
1200 4216 1224 4276 3,
1245 4219 1302 4268 Tib.
1322 4218 1342 4270 I.

222 4322 282 4384 163,
302 4325 351 4376 ΠΙ.
371 4325 395 4374 4.
416 4324 459 4375 85.
