3150 5356
804 599 841 655 14

635 784 827 842 Vidimus
857 783 1060 842 simulata
1089 785 1190 843 dona

470 894 591 953 naulis
619 891 844 953 immensae
870 895 1132 966 Danaumque

470 1004 597 1064 tabule
623 1021 767 1064 munus
795 1006 993 1064 duximus
1025 1008 1168 1064 nostra

470 1116 626 1175 creduli
649 1117 810 1189 dextra,
834 1117 1091 1189 tremuitque
1113 1131 1231 1189 saepe

470 1225 617 1285 limine
639 1228 679 1284 in
701 1228 833 1299 primo
856 1229 1030 1300 sonipes.

258 1336 337 1396 Aen.
360 1336 399 1396 ΙΙ.
422 1337 499 1396 237:

512 1443 642 1505 Scandit
653 1444 811 1524 satalis
833 1443 1018 1506 maehina
1040 1465 1148 1505 muros

341 1553 406 1631 seta
429 1556 529 1616 armis

262 1780 334 1839 lbid.
358 1781 418 1839 242
441 1797 508 1852 sqq.
880 1784 989 1857 quater
1011 1778 1076 1856 ipso
1099 1777 1130 1837 iu
1152 1776 1255 1838 limine
1270 1782 1381 1855 portae

301 1887 447 1964 substitit,
471 1896 588 1968 atque
609 1896 716 1949 utero
738 1892 910 1950 sonitum
933 1896 1069 1966 quater
1090 1907 1196 1949 arma
1223 1885 1378 1962 dedere;

301 2000 454 2063 instamus
475 2007 575 2062 tamen
598 2001 794 2062 immemores
815 2000 953 2078 caecique
965 2000 1093 2080 furore.

258 2117 295 2176 ui
326 2117 418 2188 [rosia
451 2116 590 2186 tragicus
612 2115 648 2173 de
666 2111 763 2189 fatali
782 2132 917 2184 munere,
941 2116 985 2173 iia
1006 2114 1163 2186 Vergilius
1184 2113 1322 2185 loquitur
1343 2113 1380 2170 de

251 2222 349 2302 fatali
381 2221 543 2292 maclarum·
575 2223 756 2300 tremuitque
787 2232 877 2301 saepe
911 2222 1017 2283 limiae
1047 2225 1079 2282 iu
1101 2227 1205 2300 primo
1228 2225 1310 2282 idem
1332 2225 1381 2282 esi

261 2338 342 2410 quod
364 2337 519 2408 Vergilius
541 2337 636 2395 habet
659 2352 705 2395 vs.
729 2337 800 2394 242.

302 2448 404 2506 Verba
435 2444 580 2505 simulata
603 2443 684 2505 doaa
701 2444 800 2511 mole¹
807 2465 824 2504 s
846 2444 1061 2505 immensae
1083 2448 1283 2506 conferantur
1306 2461 1380 2504 oum

260 2559 339 2617 Aen.
362 2558 400 2616 H.
426 2559 495 2633 185,
519 2559 569 2617 ubi
592 2559 629 2616 de
651 2574 730 2631 equo
752 2558 855 2630 ligneo
880 2560 958 2618 haee
980 2559 1146 2630 leguntur:

303 2664 397 2726 Hauc
418 2672 518 2726 tamea
541 2665 765 2727 immensam
792 2663 920 2727 Calchas
942 2667 1074 2727 attollere
1095 2666 1228 2727 molem

1099 2778 1231 2839 iussit.

304 2891 443 2964 Denique
465 2892 609 2951 animum
631 2892 778 2950 attendas
801 2893 840 2950 ad
863 2892 976 2963 Agam.
1001 2907 1047 2950 vs.
1072 2892 1132 2949 638
1155 2906 1218 2965 sq,
1232 2892 1382 2965 ubipueri

260 3005 292 3062 et
313 3002 433 3076 puellae
447 3004 586 3074 gaudent
603 3003 731 3075 „funem
752 3004 833 3075 quod
847 3003 1061 3075 contingunu‘
1075 3018 1175 3074 quum
1186 3003 1245 3075 ipsi
1259 3017 1381 3074 quoque

260 3128 379 3184 equum
401 3114 433 3170 in
455 3114 565 3172 urbem
587 3113 732 3173 inducere
755 3115 932 3173 videantur.

516 3223 655 3286 Secura
676 3228 805 3285 metus
827 3224 969 3283 Troica
990 3224 1113 3297 pubes

515 3336 658 3396 Sacros
681 3336 834 3408 gaudet
856 3338 1032 3407 tangere
1054 3335 1189 3408 funes,

261 3447 370 3504 eadem
392 3446 489 3505 habes
515 3448 593 3506 Aen.
617 3448 655 3506 H.
680 3448 740 3506 248
763 3462 808 3517 sq.

615 3555 710 3633 pueri
728 3555 844 3616 circam
867 3555 1068 3633 renuptaeque
1085 3554 1202 3633 paellae

346 3686 439 3727 saera
461 3672 589 3741 cauerat,
604 3666 777 3746 funemque
798 3686 892 3727 mauu
914 3667 1090 3745 aoutmgere
1108 3664 1256 3746 gaudeat.

263 3882 371 3941 Troad.
398 3884 457 3941 124
479 3898 546 3954 sqq.
569 3884 606 3941 de
627 3882 761 3942 Heotore
782 3882 949 3955 leguntur:

432 3993 622 4052 Celumen
652 3995 828 4068 pamiae,
856 4010 965 4052 mora
991 3995 1192 4067 fautorum

431 4105 476 4162 iu
506 4105 753 4177 praesidium
784 4105 1018 4177 Phrygibus
1045 4106 1185 4180 fessis,

432 4217 474 4272 tu
503 4230 641 4273 murus
669 4230 774 4289 eras,
805 4217 1073 4289 humerisque
1103 4219 1184 4275 tuis

432 4326 558 4384 stetit
585 4326 655 4384 iila
681 4300 820 4384 decem
848 4327 954 4386 sulia-
980 4343 1048 4400 per
1076 4343 1202 4386 annos
