<?xml version="1.0" encoding="UTF-8"?>
<!DOCTYPE html PUBLIC "-//W3C//DTD XHTML 1.0 Transitional//EN"
    "http://www.w3.org/TR/xhtml1/DTD/xhtml1-transitional.dtd">
<html xmlns="http://www.w3.org/1999/xhtml" xml:lang="en" lang="en">
 <head>
  <title>
</title>
<meta http-equiv="Content-Type" content="text/html;charset=utf-8" />
  <meta name='ocr-system' content='tesseract 3.04.00' />
  <meta name='ocr-capabilities' content='ocr_page ocr_carea ocr_par ocr_line ocrx_word'/>
</head>
<body>
  <div class='ocr_page' id='page_1' title='image "./deauctoretragoe00romegoog_0055.png"; bbox 0 0 3150 5356; ppageno 0'>
   <div class='ocr_carea' id='block_1_1' title="bbox 771 599 812 655">
    <p class='ocr_par' dir='ltr' id='par_1_1' title="bbox 771 599 812 655">
     <span class='ocr_line' id='line_1_1' title="bbox 771 599 812 655; baseline 0 0"><span class='ocrx_word' id='word_1_1' title='bbox 771 599 812 655; x_wconf 78' lang='grc'>42</span> 
     </span>
    </p>
   </div>
   <div class='ocr_carea' id='block_1_2' title="bbox 223 783 1355 1612">
    <p class='ocr_par' dir='ltr' id='par_1_2' title="bbox 223 783 1119 865">
     <span class='ocr_line' id='line_1_2' title="bbox 223 783 1119 865; baseline 0.011 -26"><span class='ocrx_word' id='word_1_2' title='bbox 223 783 334 843; x_wconf 90' lang='lat' dir='ltr'>eodem</span> <span class='ocrx_word' id='word_1_3' title='bbox 358 787 451 845; x_wconf 91' lang='lat' dir='ltr'>modo</span> <span class='ocrx_word' id='word_1_4' title='bbox 474 789 578 863; x_wconf 84' lang='lat' dir='ltr'>igitur,</span> <span class='ocrx_word' id='word_1_5' title='bbox 603 807 663 863; x_wconf 85' lang='lat' dir='ltr'>quo</span> <span class='ocrx_word' id='word_1_6' title='bbox 686 793 810 851; x_wconf 86' lang='lat' dir='ltr'>Aeneas</span> <span class='ocrx_word' id='word_1_7' title='bbox 832 794 911 851; x_wconf 84' lang='lat' dir='ltr'>Aen.</span> <span class='ocrx_word' id='word_1_8' title='bbox 935 794 974 851; x_wconf 89' lang='lat' dir='ltr'>II.</span> <span class='ocrx_word' id='word_1_9' title='bbox 1001 795 1030 865; x_wconf 83' lang='lat'>3,</span> <span class='ocrx_word' id='word_1_10' title='bbox 1055 808 1119 865; x_wconf 90' lang='lat' dir='ltr'>sqq.</span> 
     </span>
    </p>

    <p class='ocr_par' dir='ltr' id='par_1_3' title="bbox 314 908 1068 989">
     <span class='ocr_line' id='line_1_3' title="bbox 314 908 1068 989; baseline 0.011 -23"><span class='ocrx_word' id='word_1_11' title='bbox 314 908 487 982; x_wconf 75' lang='lat' dir='ltr'>insoniunt</span> <span class='ocrx_word' id='word_1_12' title='bbox 509 915 621 987; x_wconf 74' lang='lat' dir='ltr'>reniero</span> <span class='ocrx_word' id='word_1_13' title='bbox 644 917 730 976; x_wconf 81' lang='lat' dir='ltr'>iubes</span> <span class='ocrx_word' id='word_1_14' title='bbox 752 933 899 976; x_wconf 80' lang='lat' dir='ltr'>renouare</span> <span class='ocrx_word' id='word_1_15' title='bbox 922 917 1068 989; x_wconf 84' lang='lat' dir='ltr'>dotorem,</span> 
     </span>
    </p>

    <p class='ocr_par' dir='ltr' id='par_1_4' title="bbox 225 1031 1355 1612">
     <span class='ocr_line' id='line_1_4' title="bbox 296 1031 777 1127; baseline 0.01 -35"><span class='ocrx_word' id='word_1_16' title='bbox 296 1049 341 1127; x_wconf 29' lang='lat'>¹⁶·</span> <span class='ocrx_word' id='word_1_17' title='bbox 367 1049 395 1106; x_wconf 86' lang='lat' dir='ltr'>q.</span> <span class='ocrx_word' id='word_1_18' title='bbox 421 1052 445 1094; x_wconf 90' lang='lat' dir='ltr'>s.</span> <span class='ocrx_word' id='word_1_19' title='bbox 776 1031 777 1034; x_wconf 67' lang='grc'>’</span> 
     </span>
     <span class='ocr_line' id='line_1_5' title="bbox 225 1158 994 1238; baseline 0.014 -27"><span class='ocrx_word' id='word_1_20' title='bbox 225 1168 266 1212; x_wconf 82' lang='lat' dir='ltr'>ex</span> <span class='ocrx_word' id='word_1_21' title='bbox 291 1158 400 1228; x_wconf 88' lang='lat' dir='ltr'>quibus</span> <span class='ocrx_word' id='word_1_22' title='bbox 422 1164 584 1236; x_wconf 89' lang='lat' dir='ltr'>praecique</span> <span class='ocrx_word' id='word_1_23' title='bbox 607 1167 786 1225; x_wconf 88' lang='lat' dir='ltr'>attendatur</span> <span class='ocrx_word' id='word_1_24' title='bbox 811 1180 919 1224; x_wconf 90' lang='lat' dir='ltr'>versus</span> <span class='ocrx_word' id='word_1_25' title='bbox 945 1166 994 1238; x_wconf 82' lang='lat'>12,</span> 
     </span>
     <span class='ocr_line' id='line_1_6' title="bbox 226 1288 1348 1380; baseline 0.008 -42"><span class='ocrx_word' id='word_1_26' title='bbox 226 1295 426 1357; x_wconf 78' lang='lat' dir='ltr'>quamquem</span> <span class='ocrx_word' id='word_1_27' title='bbox 456 1288 582 1348; x_wconf 79' lang='lat' dir='ltr'>enimus</span> <span class='ocrx_word' id='word_1_28' title='bbox 612 1291 822 1350; x_wconf 73' lang='lat' dir='ltr'><em>meminisse</em></span> <span class='ocrx_word' id='word_1_29' title='bbox 849 1292 977 1350; x_wconf 84' lang='lat' dir='ltr'>horret</span> <span class='ocrx_word' id='word_1_30' title='bbox 999 1291 1174 1364; x_wconf 80' lang='lat' dir='ltr'>tectoque</span> <span class='ocrx_word' id='word_1_31' title='bbox 1196 1289 1348 1380; x_wconf 77' lang='lat' dir='ltr'>rescipit,</span> 
     </span>
     <span class='ocr_line' id='line_1_7' title="bbox 226 1384 1355 1489; baseline 0.007 -27"><span class='ocrx_word' id='word_1_32' title='bbox 226 1406 278 1463; x_wconf 88' lang='lat' dir='ltr'>ubi</span> <span class='ocrx_word' id='word_1_33' title='bbox 308 1410 437 1469; x_wconf 88' lang='lat' dir='ltr'>verbum</span> <span class='ocrx_word' id='word_1_34' title='bbox 466 1384 616 1485; x_wconf 74' lang='lat' dir='ltr'>„refugit”</span> <span class='ocrx_word' id='word_1_35' title='bbox 647 1429 719 1472; x_wconf 91' lang='lat' dir='ltr'>oum</span> <span class='ocrx_word' id='word_1_36' title='bbox 741 1413 894 1473; x_wconf 87' lang='lat' dir='ltr'>infinitivo</span> <span class='ocrx_word' id='word_1_37' title='bbox 922 1414 1141 1489; x_wconf 75' lang='lat' dir='ltr'>„meminisse”</span> <span class='ocrx_word' id='word_1_38' title='bbox 1167 1414 1355 1472; x_wconf 76' lang='lat' dir='ltr'>construitur</span> 
     </span>
     <span class='ocr_line' id='line_1_8' title="bbox 227 1530 1011 1612; baseline 0.01 -25"><span class='ocrx_word' id='word_1_39' title='bbox 227 1530 263 1587; x_wconf 84' lang='lat' dir='ltr'>ut</span> <span class='ocrx_word' id='word_1_40' title='bbox 285 1531 318 1590; x_wconf 88' lang='lat' dir='ltr'>in</span> <span class='ocrx_word' id='word_1_41' title='bbox 342 1535 582 1606; x_wconf 80' lang='lat' dir='ltr'>Agamemnone</span> <span class='ocrx_word' id='word_1_42' title='bbox 605 1554 676 1597; x_wconf 90' lang='lat' dir='ltr'>curn</span> <span class='ocrx_word' id='word_1_43' title='bbox 699 1537 852 1597; x_wconf 87' lang='lat' dir='ltr'>infinitivo</span> <span class='ocrx_word' id='word_1_44' title='bbox 879 1538 1011 1612; x_wconf 81' lang='lat' dir='ltr'>„loqui&#39;’.</span> 
     </span>
    </p>
   </div>
   <div class='ocr_carea' id='block_1_3' title="bbox 228 1741 1351 2482">
    <p class='ocr_par' dir='ltr' id='par_1_5' title="bbox 228 1741 1351 2482">
     <span class='ocr_line' id='line_1_9' title="bbox 228 1741 1350 1862; baseline 0.002 -24"><span class='ocrx_word' id='word_1_45' title='bbox 228 1780 325 1841; x_wconf 90' lang='lat' dir='ltr'>Paulo</span> <span class='ocrx_word' id='word_1_46' title='bbox 357 1786 445 1860; x_wconf 87' lang='lat' dir='ltr'>inira,</span> <span class='ocrx_word' id='word_1_47' title='bbox 477 1788 510 1846; x_wconf 93' lang='lat' dir='ltr'>in</span> <span class='ocrx_word' id='word_1_48' title='bbox 540 1788 691 1861; x_wconf 80' lang='lat' dir='ltr'>procellae</span> <span class='ocrx_word' id='word_1_49' title='bbox 714 1789 926 1862; x_wconf 73' lang='lat' dir='ltr'>descriptione,</span> <span class='ocrx_word' id='word_1_50' title='bbox 951 1802 1038 1859; x_wconf 81' lang='lat' dir='ltr'>quae,</span> <span class='ocrx_word' id='word_1_51' title='bbox 1063 1786 1184 1843; x_wconf 90' lang='lat' dir='ltr'>utiam</span> <span class='ocrx_word' id='word_1_52' title='bbox 1208 1741 1350 1856; x_wconf 77' lang='lat' dir='ltr'>vidimus,</span> 
     </span>
     <span class='ocr_line' id='line_1_10' title="bbox 228 1906 1072 1986; baseline 0.006 -24"><span class='ocrx_word' id='word_1_53' title='bbox 228 1920 270 1963; x_wconf 83' lang='lat' dir='ltr'>ex</span> <span class='ocrx_word' id='word_1_54' title='bbox 293 1906 370 1967; x_wconf 92' lang='lat' dir='ltr'>libro</span> <span class='ocrx_word' id='word_1_55' title='bbox 393 1912 408 1969; x_wconf 90' lang='grc' dir='ltr'>Ι</span> <span class='ocrx_word' id='word_1_56' title='bbox 431 1913 585 1971; x_wconf 84' lang='lat' dir='ltr'>Aeneidos</span> <span class='ocrx_word' id='word_1_57' title='bbox 607 1913 704 1985; x_wconf 85' lang='lat' dir='ltr'>petita</span> <span class='ocrx_word' id='word_1_58' title='bbox 726 1914 782 1986; x_wconf 90' lang='lat' dir='ltr'>est,</span> <span class='ocrx_word' id='word_1_59' title='bbox 807 1912 957 1970; x_wconf 88' lang='lat' dir='ltr'>habemus</span> <span class='ocrx_word' id='word_1_60' title='bbox 980 1912 1072 1968; x_wconf 88' lang='lat' dir='ltr'>haec:</span> 
     </span>
     <span class='ocr_line' id='line_1_11' title="bbox 231 2032 1350 2109; baseline -0.007 -11"><span class='ocrx_word' id='word_1_61' title='bbox 231 2032 288 2098; x_wconf 86' lang='lat' dir='ltr'>(vs.</span> <span class='ocrx_word' id='word_1_62' title='bbox 311 2035 387 2104; x_wconf 78' lang='lat'><strong>499)</strong></span> <span class='ocrx_word' id='word_1_63' title='bbox 406 2035 523 2094; x_wconf 91' lang='lat' dir='ltr'>illam</span> <span class='ocrx_word' id='word_1_64' title='bbox 546 2037 758 2095; x_wconf 79' lang='lat' dir='ltr'>dehiscens</span> <span class='ocrx_word' id='word_1_65' title='bbox 781 2037 931 2109; x_wconf 91' lang='lat' dir='ltr'>pontus</span> <span class='ocrx_word' id='word_1_66' title='bbox 952 2036 992 2093; x_wconf 90' lang='lat' dir='ltr'>in</span> <span class='ocrx_word' id='word_1_67' title='bbox 1015 2048 1210 2106; x_wconf 87' lang='lat' dir='ltr'>praeceps</span> <span class='ocrx_word' id='word_1_68' title='bbox 1232 2033 1350 2105; x_wconf 84' lang='lat' dir='ltr'>rapit,</span> 
     </span>
     <span class='ocr_line' id='line_1_12' title="bbox 231 2123 1351 2232; baseline 0.001 -20"><span class='ocrx_word' id='word_1_69' title='bbox 231 2155 413 2224; x_wconf 82' lang='lat' dir='ltr'>quibuscum</span> <span class='ocrx_word' id='word_1_70' title='bbox 436 2161 611 2218; x_wconf 83' lang='lat' dir='ltr'>conferatur</span> <span class='ocrx_word' id='word_1_71' title='bbox 633 2123 720 2218; x_wconf 19' lang='lat' dir='ltr'>Aen.)</span> <span class='ocrx_word' id='word_1_72' title='bbox 735 2161 759 2217; x_wconf 81' lang='lat' dir='ltr'>i.</span> <span class='ocrx_word' id='word_1_73' title='bbox 787 2160 848 2218; x_wconf 80' lang='lat'>106</span> <span class='ocrx_word' id='word_1_74' title='bbox 869 2174 925 2232; x_wconf 68' lang='lat' dir='ltr'>sq„</span> <span class='ocrx_word' id='word_1_75' title='bbox 947 2158 997 2216; x_wconf 77' lang='lat' dir='ltr'>utri</span> <span class='ocrx_word' id='word_1_76' title='bbox 1015 2158 1125 2217; x_wconf 87' lang='lat' dir='ltr'>eadem</span> <span class='ocrx_word' id='word_1_77' title='bbox 1136 2157 1168 2214; x_wconf 89' lang='lat' dir='ltr'>in</span> <span class='ocrx_word' id='word_1_78' title='bbox 1180 2172 1213 2215; x_wconf 91' lang='lat' dir='ltr'>re</span> <span class='ocrx_word' id='word_1_79' title='bbox 1225 2156 1351 2214; x_wconf 91' lang='lat' dir='ltr'>dicitur:</span> 
     </span>
     <span class='ocr_line' id='line_1_13' title="bbox 768 2282 1161 2342; baseline -0.008 0"><span class='ocrx_word' id='word_1_80' title='bbox 768 2283 817 2342; x_wconf 84' lang='lat' dir='ltr'>his</span> <span class='ocrx_word' id='word_1_81' title='bbox 839 2283 927 2341; x_wconf 82' lang='lat' dir='ltr'>ando</span> <span class='ocrx_word' id='word_1_82' title='bbox 949 2282 1161 2341; x_wconf 82' lang='lat' dir='ltr'>dehiscens</span> 
     </span>
     <span class='ocr_line' id='line_1_14' title="bbox 322 2371 854 2482; baseline 0.006 -20"><span class='ocrx_word' id='word_1_83' title='bbox 322 2406 438 2464; x_wconf 83' lang='lat' dir='ltr'>terrum</span> <span class='ocrx_word' id='word_1_84' title='bbox 461 2371 541 2466; x_wconf 81' lang='lat' dir='ltr'>inter</span> <span class='ocrx_word' id='word_1_85' title='bbox 562 2409 674 2482; x_wconf 76' lang='lat' dir='ltr'>strictus</span> <span class='ocrx_word' id='word_1_86' title='bbox 697 2407 807 2481; x_wconf 81' lang='lat' dir='ltr'>operit.</span> <span class='ocrx_word' id='word_1_87' title='bbox 833 2399 854 2477; x_wconf 84' lang='lat'>¹)</span> 
     </span>
    </p>
   </div>
   <div class='ocr_carea' id='block_1_4' title="bbox 232 2650 874 2730">
    <p class='ocr_par' dir='ltr' id='par_1_6' title="bbox 232 2650 874 2730">
     <span class='ocr_line' id='line_1_15' title="bbox 232 2650 874 2730; baseline 0.012 -23"><span class='ocrx_word' id='word_1_88' title='bbox 232 2650 344 2721; x_wconf 73' lang='lat' dir='ltr'>egem.</span> <span class='ocrx_word' id='word_1_89' title='bbox 371 2654 444 2712; x_wconf 81' lang='lat'>571.</span> <span class='ocrx_word' id='word_1_90' title='bbox 469 2655 501 2714; x_wconf 89' lang='lat' dir='ltr'>in</span> <span class='ocrx_word' id='word_1_91' title='bbox 525 2657 634 2715; x_wconf 91' lang='lat' dir='ltr'>eadem</span> <span class='ocrx_word' id='word_1_92' title='bbox 656 2657 874 2730; x_wconf 84' lang='lat' dir='ltr'>descriptione:</span> 
     </span>
    </p>
   </div>
   <div class='ocr_carea' id='block_1_5' title="bbox 321 2775 1130 2852">
    <p class='ocr_par' dir='ltr' id='par_1_7' title="bbox 321 2775 1130 2852">
     <span class='ocr_line' id='line_1_16' title="bbox 321 2775 1130 2852; baseline 0.004 -19"><span class='ocrx_word' id='word_1_93' title='bbox 321 2775 494 2836; x_wconf 83' lang='lat' dir='ltr'>haerent</span> <span class='ocrx_word' id='word_1_94' title='bbox 516 2780 650 2838; x_wconf 83' lang='lat' dir='ltr'>uentis</span> <span class='ocrx_word' id='word_1_95' title='bbox 673 2778 849 2852; x_wconf 76' lang='lat' dir='ltr'>rupibus</span> <span class='ocrx_word' id='word_1_96' title='bbox 872 2778 987 2851; x_wconf 82' lang='lat' dir='ltr'>fixus</span> <span class='ocrx_word' id='word_1_97' title='bbox 1009 2780 1130 2836; x_wconf 85' lang='lat' dir='ltr'>rates.</span> 
     </span>
    </p>
   </div>
   <div class='ocr_carea' id='block_1_6' title="bbox 204 2898 1353 3350">
    <p class='ocr_par' dir='ltr' id='par_1_8' title="bbox 204 2898 1353 3084">
     <span class='ocr_line' id='line_1_17' title="bbox 277 2898 1353 2978; baseline 0.003 -20"><span class='ocrx_word' id='word_1_98' title='bbox 277 2898 318 2958; x_wconf 79' lang='lat' dir='ltr'>Oi.</span> <span class='ocrx_word' id='word_1_99' title='bbox 355 2902 432 2960; x_wconf 86' lang='lat' dir='ltr'>Aen.</span> <span class='ocrx_word' id='word_1_100' title='bbox 465 2905 488 2961; x_wconf 92' lang='lat' dir='ltr'>l.</span> <span class='ocrx_word' id='word_1_101' title='bbox 514 2905 566 2978; x_wconf 81' lang='lat'>45,</span> <span class='ocrx_word' id='word_1_102' title='bbox 591 2904 640 2962; x_wconf 87' lang='lat' dir='ltr'>ubi</span> <span class='ocrx_word' id='word_1_103' title='bbox 662 2907 740 2962; x_wconf 88' lang='lat' dir='ltr'>Iuno</span> <span class='ocrx_word' id='word_1_104' title='bbox 763 2906 821 2962; x_wconf 90' lang='lat' dir='ltr'>hoo</span> <span class='ocrx_word' id='word_1_105' title='bbox 843 2905 946 2977; x_wconf 91' lang='lat' dir='ltr'>ipsum</span> <span class='ocrx_word' id='word_1_106' title='bbox 969 2905 1166 2976; x_wconf 78' lang='lat' dir='ltr'>naufragium</span> <span class='ocrx_word' id='word_1_107' title='bbox 1188 2904 1353 2976; x_wconf 84' lang='lat' dir='ltr'>respiciens</span> 
     </span>
     <span class='ocr_line' id='line_1_18' title="bbox 204 3002 903 3084; baseline 0.011 -7"><span class='ocrx_word' id='word_1_108' title='bbox 204 3020 269 3078; x_wconf 80' lang='lat' dir='ltr'>ue</span> <span class='ocrx_word' id='word_1_109' title='bbox 293 3023 387 3083; x_wconf 73' lang='lat' dir='ltr'>maes</span> <span class='ocrx_word' id='word_1_110' title='bbox 410 3026 498 3084; x_wconf 75' lang='lat' dir='ltr'>nsit:</span> <span class='ocrx_word' id='word_1_111' title='bbox 901 3002 903 3007; x_wconf 74' lang='grc'><strong>’</strong></span> 
     </span>
    </p>

    <p class='ocr_par' dir='ltr' id='par_1_9' title="bbox 323 3148 1225 3350">
     <span class='ocr_line' id='line_1_19' title="bbox 365 3148 1142 3208; baseline 0.005 -3"><span class='ocrx_word' id='word_1_112' title='bbox 365 3148 485 3208; x_wconf 80' lang='lat' dir='ltr'>ittam</span> <span class='ocrx_word' id='word_1_113' title='bbox 517 3183 1142 3190; x_wconf 84' lang='lat'>——————————</span> 
     </span>
     <span class='ocr_line' id='line_1_20' title="bbox 323 3273 1225 3350; baseline 0.001 -20"><span class='ocrx_word' id='word_1_114' title='bbox 323 3274 444 3333; x_wconf 81' lang='lat' dir='ltr'>turbine</span> <span class='ocrx_word' id='word_1_115' title='bbox 467 3276 626 3350; x_wconf 74' lang='lat' dir='ltr'>corripuit,</span> <span class='ocrx_word' id='word_1_116' title='bbox 651 3275 900 3349; x_wconf 80' lang='lat' dir='ltr'>scopuloque</span> <span class='ocrx_word' id='word_1_117' title='bbox 923 3273 1076 3348; x_wconf 78' lang='lat' dir='ltr'>infixit</span> <span class='ocrx_word' id='word_1_118' title='bbox 1098 3276 1225 3332; x_wconf 84' lang='lat' dir='ltr'>conto.</span> 
     </span>
    </p>
   </div>
   <div class='ocr_carea' id='block_1_7' title="bbox 236 3465 448 3476">
    <p class='ocr_par' dir='ltr' id='par_1_10' title="bbox 236 3465 448 3476">
     <span class='ocr_line' id='line_1_21' title="bbox 236 3465 448 3476; baseline 0.014 -5"><span class='ocrx_word' id='word_1_119' title='bbox 236 3465 448 3476; x_wconf 40' lang='lat' dir='ltr'>*Q*-</span> 
     </span>
    </p>
   </div>
   <div class='ocr_carea' id='block_1_8' title="bbox 151 3598 1355 4199">
    <p class='ocr_par' dir='ltr' id='par_1_11' title="bbox 220 3598 1353 3678">
     <span class='ocr_line' id='line_1_22' title="bbox 220 3598 1353 3678; baseline 0.001 -17"><span class='ocrx_word' id='word_1_120' title='bbox 220 3655 223 3661; x_wconf 89' lang='lat'><em>.</em></span> <span class='ocrx_word' id='word_1_121' title='bbox 272 3605 293 3672; x_wconf 79' lang='lat'>¹)</span> <span class='ocrx_word' id='word_1_122' title='bbox 313 3611 429 3662; x_wconf 82' lang='lat' dir='ltr'>Verbum</span> <span class='ocrx_word' id='word_1_123' title='bbox 448 3614 586 3662; x_wconf 79' lang='lat' dir='ltr'>dehiscere</span> <span class='ocrx_word' id='word_1_124' title='bbox 602 3613 629 3661; x_wconf 92' lang='lat' dir='ltr'>in</span> <span class='ocrx_word' id='word_1_125' title='bbox 640 3598 780 3677; x_wconf 81' lang='lat' dir='ltr'>tragoediis</span> <span class='ocrx_word' id='word_1_126' title='bbox 790 3617 815 3660; x_wconf 85' lang='lat' dir='ltr'>et</span> <span class='ocrx_word' id='word_1_127' title='bbox 825 3614 894 3674; x_wconf 88' lang='lat' dir='ltr'>apud</span> <span class='ocrx_word' id='word_1_128' title='bbox 901 3613 1053 3678; x_wconf 59' lang='lat' dir='ltr'>,Vergilium</span> <span class='ocrx_word' id='word_1_129' title='bbox 1064 3627 1169 3676; x_wconf 89' lang='lat' dir='ltr'>quoque</span> <span class='ocrx_word' id='word_1_130' title='bbox 1180 3614 1353 3676; x_wconf 71' lang='lat' dir='ltr'>&lt;desperantis</span> 
     </span>
    </p>

    <p class='ocr_par' dir='ltr' id='par_1_12' title="bbox 151 3716 1355 4199">
     <span class='ocr_line' id='line_1_23' title="bbox 232 3716 1354 3780; baseline 0.001 -16"><span class='ocrx_word' id='word_1_131' title='bbox 232 3720 281 3765; x_wconf 88' lang='lat' dir='ltr'>est.</span> <span class='ocrx_word' id='word_1_132' title='bbox 311 3716 404 3767; x_wconf 89' lang='lat' dir='ltr'>Troad.</span> <span class='ocrx_word' id='word_1_133' title='bbox 435 3717 486 3767; x_wconf 73' lang='lat'>520</span> <span class='ocrx_word' id='word_1_134' title='bbox 506 3717 691 3767; x_wconf 81' lang='lat' dir='ltr'>Andromache</span> <span class='ocrx_word' id='word_1_135' title='bbox 706 3718 850 3766; x_wconf 85' lang='lat' dir='ltr'>exclamat:</span> <span class='ocrx_word' id='word_1_136' title='bbox 873 3718 1028 3767; x_wconf 82' lang='lat' dir='ltr'>»dehisce</span> <span class='ocrx_word' id='word_1_137' title='bbox 1048 3717 1180 3780; x_wconf 86' lang='lat' dir='ltr'>tellus‚&#39;&#39;</span> <span class='ocrx_word' id='word_1_138' title='bbox 1201 3723 1270 3780; x_wconf 89' lang='lat' dir='ltr'>quod</span> <span class='ocrx_word' id='word_1_139' title='bbox 1290 3719 1354 3767; x_wconf 87' lang='lat' dir='ltr'>item</span> 
     </span>
     <span class='ocr_line' id='line_1_24' title="bbox 234 3815 1355 3892; baseline -0.001 -19"><span class='ocrx_word' id='word_1_140' title='bbox 234 3824 345 3876; x_wconf 88' lang='lat' dir='ltr'>Phaedr.</span> <span class='ocrx_word' id='word_1_141' title='bbox 371 3824 441 3876; x_wconf 72' lang='lat'>4238</span> <span class='ocrx_word' id='word_1_142' title='bbox 464 3815 575 3892; x_wconf 81' lang='lat' dir='ltr'>legitur:</span> <span class='ocrx_word' id='word_1_143' title='bbox 604 3827 758 3876; x_wconf 77' lang='lat' dir='ltr'>»dehisce</span> <span class='ocrx_word' id='word_1_144' title='bbox 777 3826 896 3888; x_wconf 90' lang='lat' dir='ltr'>tellus,</span> <span class='ocrx_word' id='word_1_145' title='bbox 916 3826 1003 3888; x_wconf 84' lang='lat' dir='ltr'>recipe</span> <span class='ocrx_word' id='word_1_146' title='bbox 1023 3841 1065 3874; x_wconf 90' lang='lat' dir='ltr'>me</span> <span class='ocrx_word' id='word_1_147' title='bbox 1080 3826 1170 3874; x_wconf 87' lang='lat' dir='ltr'>dirum</span> <span class='ocrx_word' id='word_1_148' title='bbox 1186 3824 1289 3875; x_wconf 86' lang='lat' dir='ltr'>chaos.&#39;&#39;</span> <span class='ocrx_word' id='word_1_149' title='bbox 1315 3824 1355 3873; x_wconf 85' lang='lat' dir='ltr'>Ita</span> 
     </span>
     <span class='ocr_line' id='line_1_25' title="bbox 233 3931 1355 3996; baseline 0.002 -16"><span class='ocrx_word' id='word_1_150' title='bbox 233 3946 339 3995; x_wconf 90' lang='lat' dir='ltr'>quoque</span> <span class='ocrx_word' id='word_1_151' title='bbox 367 3931 432 3982; x_wconf 82' lang='lat' dir='ltr'>Aen.</span> <span class='ocrx_word' id='word_1_152' title='bbox 458 3933 501 3982; x_wconf 93' lang='lat' dir='ltr'>IV.</span> <span class='ocrx_word' id='word_1_153' title='bbox 521 3932 563 3992; x_wconf 77' lang='lat' dir='ltr'>al,</span> <span class='ocrx_word' id='word_1_154' title='bbox 585 3934 631 3983; x_wconf 90' lang='lat' dir='ltr'>ubi</span> <span class='ocrx_word' id='word_1_155' title='bbox 650 3933 729 3983; x_wconf 89' lang='lat' dir='ltr'>Dido:</span> <span class='ocrx_word' id='word_1_156' title='bbox 751 3933 811 3982; x_wconf 78' lang='lat' dir='ltr'>used</span> <span class='ocrx_word' id='word_1_157' title='bbox 832 3933 896 3982; x_wconf 92' lang='lat' dir='ltr'>mihi</span> <span class='ocrx_word' id='word_1_158' title='bbox 918 3933 957 3981; x_wconf 89' lang='lat' dir='ltr'>vel</span> <span class='ocrx_word' id='word_1_159' title='bbox 976 3934 1083 3982; x_wconf 87' lang='lat' dir='ltr'>tellus</span> <span class='ocrx_word' id='word_1_160' title='bbox 1103 3938 1189 3996; x_wconf 85' lang='lat' dir='ltr'>optem</span> <span class='ocrx_word' id='word_1_161' title='bbox 1209 3934 1283 3996; x_wconf 89' lang='lat' dir='ltr'>prius</span> <span class='ocrx_word' id='word_1_162' title='bbox 1302 3934 1355 3982; x_wconf 87' lang='lat' dir='ltr'>ima</span> 
     </span>
     <span class='ocr_line' id='line_1_26' title="bbox 151 4025 1351 4114; baseline -0.001 -25"><span class='ocrx_word' id='word_1_163' title='bbox 151 4106 155 4114; x_wconf 35' lang='grc' dir='ltr'><strong><em>Ι</em></strong></span> <span class='ocrx_word' id='word_1_164' title='bbox 234 4040 416 4103; x_wconf 84' lang='lat' dir='ltr'>dehiscat”;</span> <span class='ocrx_word' id='word_1_165' title='bbox 436 4042 501 4091; x_wconf 84' lang='lat' dir='ltr'>Aen.</span> <span class='ocrx_word' id='word_1_166' title='bbox 522 4043 552 4093; x_wconf 86' lang='lat' dir='ltr'>X.</span> <span class='ocrx_word' id='word_1_167' title='bbox 572 4042 638 4092; x_wconf 84' lang='lat'><strong>675:</strong></span> <span class='ocrx_word' id='word_1_168' title='bbox 660 4043 738 4106; x_wconf 79' lang='lat' dir='ltr'>»quid</span> <span class='ocrx_word' id='word_1_169' title='bbox 759 4030 827 4108; x_wconf 80' lang='lat' dir='ltr'>ago‘l</span> <span class='ocrx_word' id='word_1_170' title='bbox 846 4025 898 4092; x_wconf 75' lang='lat' dir='ltr'>aut</span> <span class='ocrx_word' id='word_1_171' title='bbox 904 4042 1035 4106; x_wconf 86' lang='lat' dir='ltr'>quaeiam</span> <span class='ocrx_word' id='word_1_172' title='bbox 1046 4042 1110 4091; x_wconf 85' lang='lat' dir='ltr'>satis</span> <span class='ocrx_word' id='word_1_173' title='bbox 1120 4042 1173 4091; x_wconf 85' lang='lat' dir='ltr'>ima</span> <span class='ocrx_word' id='word_1_174' title='bbox 1192 4041 1351 4090; x_wconf 86' lang='lat' dir='ltr'>dehiscat</span> 
     </span>
     <span class='ocr_line' id='line_1_27' title="bbox 234 4147 699 4199; baseline 0.006 -3"><span class='ocrx_word' id='word_1_175' title='bbox 234 4153 304 4197; x_wconf 86' lang='lat' dir='ltr'>terra</span> <span class='ocrx_word' id='word_1_176' title='bbox 325 4148 390 4198; x_wconf 88' lang='lat' dir='ltr'>mihi</span> <span class='ocrx_word' id='word_1_177' title='bbox 398 4148 429 4196; x_wconf 72' lang='lat' dir='ltr'>‘P&#39;</span> <span class='ocrx_word' id='word_1_178' title='bbox 448 4149 488 4198; x_wconf 88' lang='lat' dir='ltr'>lta</span> <span class='ocrx_word' id='word_1_179' title='bbox 508 4149 556 4199; x_wconf 89' lang='lat' dir='ltr'>Sil.</span> <span class='ocrx_word' id='word_1_180' title='bbox 574 4149 618 4199; x_wconf 87' lang='lat' dir='ltr'>IX.</span> <span class='ocrx_word' id='word_1_181' title='bbox 639 4147 699 4199; x_wconf 86' lang='lat'><strong>538.</strong></span> 
     </span>
    </p>
   </div>
   <div class='ocr_carea' id='block_1_9' title="bbox 237 4251 1355 4420">
    <p class='ocr_par' dir='ltr' id='par_1_13' title="bbox 237 4251 1355 4420">
     <span class='ocr_line' id='line_1_28' title="bbox 271 4251 1355 4320; baseline -0.003 -16"><span class='ocrx_word' id='word_1_182' title='bbox 271 4255 402 4306; x_wconf 88' lang='lat' dir='ltr'>Omnibus</span> <span class='ocrx_word' id='word_1_183' title='bbox 430 4255 472 4307; x_wconf 88' lang='lat' dir='ltr'>his</span> <span class='ocrx_word' id='word_1_184' title='bbox 498 4259 562 4307; x_wconf 87' lang='lat' dir='ltr'>locis</span> <span class='ocrx_word' id='word_1_185' title='bbox 596 4258 726 4307; x_wconf 86' lang='lat' dir='ltr'>Homerus</span> <span class='ocrx_word' id='word_1_186' title='bbox 753 4271 893 4320; x_wconf 78' lang='lat' dir='ltr'>expressus</span> <span class='ocrx_word' id='word_1_187' title='bbox 926 4270 982 4304; x_wconf 89' lang='lat' dir='ltr'>esse</span> <span class='ocrx_word' id='word_1_188' title='bbox 1016 4256 1133 4305; x_wconf 84' lang='lat' dir='ltr'>videtur:</span> <span class='ocrx_word' id='word_1_189' title='bbox 1171 4255 1201 4303; x_wconf 89' lang='lat' dir='ltr'>ll.</span> <span class='ocrx_word' id='word_1_190' title='bbox 1227 4253 1269 4302; x_wconf 88' lang='lat' dir='ltr'>IV.</span> <span class='ocrx_word' id='word_1_191' title='bbox 1295 4251 1355 4302; x_wconf 76' lang='lat'><strong>182.</strong></span> 
     </span>
     <span class='ocr_line' id='line_1_29' title="bbox 237 4345 688 4420; baseline 0 -22"><span class='ocrx_word' id='word_1_192' title='bbox 237 4347 299 4398; x_wconf 79' lang='grc' dir='ltr'><strong><em>τότε</em></strong></span> <span class='ocrx_word' id='word_1_193' title='bbox 317 4366 363 4412; x_wconf 88' lang='grc' dir='ltr'>μοι</span> <span class='ocrx_word' id='word_1_194' title='bbox 383 4349 463 4420; x_wconf 83' lang='grc' dir='ltr'><em>χάνοι</em></span> <span class='ocrx_word' id='word_1_195' title='bbox 485 4345 578 4417; x_wconf 65' lang='grc' dir='ltr'><em>εὐρεῖα</em></span> <span class='ocrx_word' id='word_1_196' title='bbox 600 4348 688 4419; x_wconf 70' lang='grc' dir='ltr'><strong>χθών.</strong></span> 
     </span>
    </p>
   </div>
   <div class='ocr_carea' id='block_1_10' title="bbox 0 0 1603 5356">
    <p class='ocr_par' dir='ltr' id='par_1_14' title="bbox 0 0 1603 5356">
     <span class='ocr_line' id='line_1_30' title="bbox 0 0 1603 5356; baseline 0 0"><span class='ocrx_word' id='word_1_197' title='bbox 0 0 1603 5356; x_wconf 95' lang='lat' dir='ltr'> </span> 
     </span>
    </p>
   </div>
  </div>
 </body>
</html>
