3150 5356
789 624 806 682 7

238 814 326 873 idem
348 815 431 874 color
453 817 501 873 est
524 815 707 889 verborum,
731 831 810 887 quae
832 814 917 873 canit
939 813 1054 871 chorus
1076 811 1185 870 Troad.
1212 810 1270 868 156
1286 824 1351 883 sqq.

787 925 872 984 Felix
897 925 1057 998 Priamus,

365 1038 499 1097 dicimus
521 1053 647 1097 omnes:
672 1053 808 1096 secum
831 1035 1037 1096 excedens

364 1164 437 1207 sua
458 1163 584 1220 regna
606 1147 717 1207 tulit.

236 1297 346 1356 Troad.
369 1297 430 1355 956
453 1314 517 1372 sqq.
541 1297 670 1358 Hecuba
691 1298 867 1357 exclamat:

363 1409 473 1468 Adhuc
496 1408 633 1471 Achilles
654 1409 734 1468 vivit
755 1409 788 1467 in
811 1424 927 1482 poenas
950 1408 1137 1480 Phrygum?

362 1521 463 1579 adhuc
485 1521 634 1580 rebellat?
657 1519 681 1579 O
702 1535 838 1580 manum
860 1520 977 1578 Paridis
998 1519 1117 1577 lovem!

361 1630 471 1690 Ciuis
502 1632 589 1705 ipse
619 1616 811 1692 nostrum
842 1631 1080 1703 sanguinem
1102 1645 1146 1688 ac
1168 1627 1352 1689 tumulus

360 1815 449 1874 Modo
472 1816 564 1874 turba
585 1815 661 1875 felix
683 1816 781 1874 latera
803 1814 948 1886 cingebat
969 1829 1054 1887 mea,
1249 1727 1351 1786 ΒΜ

366 2069 709 2079 ------
745 2035 812 2095 sola
833 2052 919 2094 nunc
941 2037 1017 2095 haec
1040 2037 1088 2094 est
1111 2050 1213 2108 super.

233 2147 420 2219 quibuscum
453 2148 655 2207 conferantur
687 2148 813 2207 Metam.
846 2146 930 2205 Xlll.
965 2147 1024 2205 501
1060 2162 1125 2221 sqq.
1159 2148 1211 2207 ubi
1237 2145 1347 2205 eadem

236 2257 361 2328 querela
383 2258 514 2331 legitur:

317 2414 408 2429 .....
431 2371 605 2443 Postquam
628 2371 739 2430 cedidit
761 2370 879 2429 Paridis
901 2370 1077 2442 Phoebique
1099 2369 1224 2442 sagittis

317 2498 402 2542 nunc
424 2484 523 2556 certe,
547 2482 628 2554 dixi,
652 2497 716 2540 non
738 2483 787 2540 est
809 2481 1000 2539 metuendus
1021 2480 1168 2539 Achilles.

314 2593 406 2652 Nunc
429 2608 553 2665 quoque
575 2593 620 2651 mi
641 2593 831 2651 metuendus
853 2594 936 2652 erut:
960 2592 1058 2650 cinis
1080 2592 1163 2664 ipse
1184 2591 1348 2664 sepulti

315 2704 355 2762 111
370 2719 499 2776 genus
513 2704 585 2763 hoo
601 2720 667 2763 sae
678 2704 749 2777 vit,
762 2704 888 2762 tumulo
900 2718 1023 2775 quoque
1035 2702 1195 2761 sensimus
1206 2703 1346 2761 hostem:

315 2815 468 2874 Aeacidae
488 2816 623 2875 fecunda
643 2815 697 2874 fui.

228 2966 351 3025 Medeae
375 2981 420 3024 vs.
445 2965 612 3023 ool-504
636 2965 740 3024 Medea
762 2965 866 3024 Iasoni
889 2965 966 3023 haec
988 2965 1098 3023 obicit:

313 3075 380 3135 Tua
401 3076 469 3150 illa,
493 3078 549 3134 tua
570 3077 646 3134 sunt
668 3074 735 3135 illa:
760 3077 810 3134 cui
833 3076 959 3148 prodest
980 3075 1083 3134 scelus

312 3188 339 3245 is
360 3186 450 3245 fecit:
474 3200 585 3244 omnes
607 3186 774 3258 coniugem
798 3186 937 3244 inlamen
960 3187 1111 3256 arguat:

312 3297 398 3356 solus
420 3297 523 3368 tuero,
548 3296 635 3355 solus
655 3296 817 3355 insontem
841 3312 927 3355 voca.

312 3406 400 3466 Tibi
421 3408 624 3467 innocens
646 3407 722 3482 sit,
746 3408 931 3480 quisquis
953 3410 1016 3466 est
1038 3422 1105 3480 pro
1128 3409 1165 3466 to
1187 3421 1345 3465 nocens.

226 3519 344 3579 Eadem
366 3520 461 3579 habet
482 3519 611 3578 Ovidius
632 3520 665 3578 in
687 3519 809 3578 Medeae
831 3519 962 3592 epistola
984 3535 1031 3578 vs.
1057 3519 1114 3577 131
1139 3534 1185 3591 sq.

311 3631 355 3692 Ut
377 3632 505 3706 culpent
526 3629 586 3704 alii,
610 3632 666 3689 tibi
688 3645 739 3689 me
761 3631 888 3689 laudare
911 3645 1038 3690 neeesse
1060 3633 1144 3705 est,-

309 3758 381 3817 pco
404 3759 482 3814 quo
505 3759 593 3803 sum
616 3745 779 3803 totiens
801 3759 888 3803 esse
910 3745 1054 3803 coacta
1075 3758 1239 3802 nocens.

226 3904 384 3964 Phaedrae
406 3921 452 3964 vs.
479 3905 559 3964 1088
582 3920 647 3978 sqq.
671 3905 833 3980 Hippolyti
855 3906 925 3980 equi
948 3922 1022 3966 cum
1045 3905 1230 3964 Phaetontis
1245 3905 1345 3964 coni-

225 4018 340 4074 runtur
352 4033 359 4072 ι

310 4126 441 4186 Sensere
463 4127 597 4200 pecudes
618 4128 742 4187 facinus
764 4130 796 4187 et
818 4144 910 4189 curru
933 4129 1009 4204 levi,

309 4237 501 4296 Dominante
523 4237 625 4312 1111110,
649 4254 711 4311 qua
733 4239 829 4298 timor
850 4241 960 4315 iussit,
984 4243 1090 4301 ruunt.

309 4346 422 4407 Talis
444 4364 516 4421 per
538 4364 674 4425 auras,
698 4365 776 4409 non
799 4366 919 4411 suum
942 4367 1179 4424 agnoscens
1201 4367 1320 4424 onus,
