3150 5356
409 1040 970 1121 PRAEFATIO.

181 1522 307 1593 Vergilii
336 1522 478 1580 carmina
508 1537 605 1594 quam
634 1521 741 1593 magni
774 1523 928 1580 momenti
954 1521 1071 1580 fuerint
1093 1522 1124 1580 in
1147 1521 1256 1593 lingua

139 1633 297 1704 literisque
327 1633 447 1691 Latinis
476 1633 676 1692 moderandis
701 1648 720 1690 a
742 1632 853 1691 mullis
875 1632 976 1690 doctis
999 1632 1074 1690 viris
1095 1647 1187 1705 saepe
1209 1632 1255 1691 de

139 1745 354 1803 monstratum
377 1746 434 1802 est.
458 1743 578 1817 Poetis,
609 1741 704 1816 epicis
726 1744 757 1800 in
781 1743 890 1815 primis
911 1744 944 1800 01
965 1742 1129 1816 bucolicis,
1153 1742 1257 1814 Vergi-

138 1854 223 1914 liana
255 1871 348 1928 opera
380 1855 573 1913 uberrimum
604 1850 726 1913 iontem
755 1853 866 1926 fuisse,
900 1868 940 1911 ex
963 1868 1024 1925 quo
1046 1853 1202 1925 imagines
1223 1855 1257 1912 et

138 1964 312 2024 locutiones
334 1965 481 2038 perpetuo
504 1965 681 2037 haurirent,
698 1963 880 2022 iamdudum
898 1963 979 2022 iuter
994 1978 1105 2022 omnes
1120 1965 1256 2022 constat.

139 2075 265 2134 Praeter
286 2078 394 2148 poetas
416 2077 539 2147 autem,
563 2075 616 2146 qui
637 2075 676 2132 ad
698 2074 825 2146 Vergilii
846 2073 1029 2148 exemplum
1051 2075 1089 2133 de
1103 2075 1258 2133 industria

139 2187 379 2259 componerent,
409 2182 583 2258 permultos
604 2187 672 2244 tam
695 2186 820 2244 vinctae
843 2200 939 2256 uuam
965 2185 1087 2244 solutae
1109 2186 1258 2244 orationis

139 2299 306 2370 scriptores
327 2299 430 2356 aetate
453 2312 481 2368 q.
504 2296 533 2355 d.
557 2297 759 2369 imperatoria
773 2297 933 2370 extitisse,
953 2297 1006 2368 qui
1021 2297 1116 2356 verba
1131 2297 1258 2356 0110011-

140 2408 242 2466 tiones
274 2423 315 2466 ex
347 2406 474 2478 Vergilii
506 2407 664 2464 thesauris
697 2403 933 2480 depromerent,
961 2407 1134 2466 multorum
1158 2408 1257 2466 doctis

140 2518 436 2588 investigationibus
467 2518 500 2576 et
531 2517 795 2594 disputationibus
829 2517 1067 2590 comprobatum
1098 2520 1156 2577 est.
1190 2517 1257 2593 Qui·

141 2644 276 2700 cumque
308 2628 415 2710 igItur⁸
433 2644 474 2686 011
501 2629 603 2703 poetis
632 2627 845 2703 Propertium,
878 2627 1041 2715 Ovidium,
1064 2628 1256 2703 Martialem,

141 2739 295 2815 Statium,
318 2755 359 2798 ex
381 2755 491 2812 prosae
513 2739 663 2798 orationis
685 2739 887 2810 scriptoribus
909 2738 1081 2814 Velleium,
1105 2737 1257 2798 Senecam

141 2851 378 2924 philosophum,
412 2850 549 2909 Plinium
582 2849 751 2921 Minorem,
786 2849 932 2922 Tacitum
968 2883 996 2891 -
1032 2852 1068 2909 ut
1095 2851 1153 2908 hos
1174 2850 1258 2909 solos

141 2961 277 3033 exempli
306 2961 407 3032 gratia
429 2962 592 3019 nominem
621 2994 649 3001 -
678 2962 769 3034 paulo
792 2962 984 3021 accuratiore
1006 2960 1109 3020 studio
1131 2961 1256 3034 legerit,

144 3072 280 3146 ,disiecti
303 3070 446 3130 membra
468 3071 598 3144 poetae’'
621 3072 707 3131 nullo
730 3074 856 3145 negotio
878 3073 1027 3132 inveniet.
1060 3072 1127 3131 Hos
1148 3074 1258 3131 tamen

141 3200 205 3242 non
235 3183 338 3242 dedita
363 3197 455 3257 opera
477 3181 604 3254 Vergilii
626 3198 806 3242 sermonem
828 3183 970 3241 imitatos
992 3198 1076 3257 esse,
1101 3184 1154 3242 sed
1176 3181 1258 3242 ultro

142 3295 245 3366 potius
268 3295 300 3353 et
321 3293 450 3352 fortuito
473 3295 541 3351 tam
565 3292 658 3351 verba
680 3293 762 3368 eius,
790 3309 887 3366 quam
909 3295 1077 3354 verborum
1097 3296 1258 3354 stucturas

143 3406 292 3478 recepisse
324 3403 414 3461 facile
435 3403 611 3477 intelleget,
637 3405 760 3478 opinor,
783 3405 835 3476 qui
861 3405 1052 3477 reputaverit
1074 3420 1170 3477 quam
1196 3420 1258 3463 ma·

141 3530 241 3586 gnum
263 3515 369 3572 locum
392 3514 463 3571 iam
478 3513 516 3571 ab
538 3513 675 3584 Augusti
697 3515 892 3587 temporibus
914 3517 982 3573 tam
1004 3515 1037 3573 in
1058 3515 1140 3574 ludis
1157 3530 1257 3587 grem-

141 3627 348 3697 maticorum‚
379 3638 475 3695 quam
497 3623 530 3681 in
553 3623 715 3682 rhetorum
738 3625 854 3683 scholis
876 3625 1127 3698 Vergilianorum
1150 3627 1257 3684 carmi-

143 3751 220 3793 num
251 3736 405 3793 obtineret
434 3734 534 3793 lectio,
568 3734 616 3792 Ex
639 3750 700 3806 quo
723 3736 808 3794 enim
831 3736 864 3810 Q.
889 3735 1038 3795 Caecilius
1061 3733 1111 3795 illo
1133 3736 1259 3810 Epirota

143 3844 264 3912 primus
286 3845 513 3915 antiquioribus
534 3846 634 3918 poetis
656 3845 761 3920 Livio,
791 3846 925 3921 Naevio,
949 3847 1049 3906 llunio
1072 3847 1258 3919 posthabitis

144 3953 176 4008 et
215 3952 365 4021 neglectis
405 3953 578 4025 Vergilium
611 3955 749 4026 aliosque
783 3958 970 4016 recentiores
1002 3957 1160 4031 discipulis
1192 3959 1258 4016 suis

144 4061 318 4134 praelegere
349 4066 506 4138 coeperat,
539 4065 657 4123 sensim
688 4081 748 4125 usu
778 4069 811 4126 et
839 4069 979 4128 moribus
1008 4071 1168 4142 receptum
1191 4071 1255 4143 est,

144 4174 317 4230 111110111111
340 4173 496 4247 carmina,
524 4189 693 4246 puerorum
715 4179 875 4237 mentibus
896 4179 1068 4253 inculcata,
1092 4181 1178 4252 quasi
1202 4195 1257 4253 pro

144 4284 350 4345 fundamento
379 4284 586 4359 haberentur,
618 4301 679 4359 quo
708 4291 989 4360 grammaticorum
1016 4291 1172 4349 institutio
1194 4290 1256 4350 sere
