3150 5356
769 593 810 650 32

319 802 390 860 „uec
415 785 470 844 etot
492 786 565 844 diua
583 802 711 860 pareus,
734 788 855 860 qeuere'e
878 804 932 846 uec
953 788 1125 847 Dardanus
1148 793 1265 856 auctor,

311 910 440 984 perfide,
464 911 518 969 sed
540 911 629 969 auris
650 913 758 984 qeuutt
782 915 806 969 te
829 912 971 971 cautibus
994 896 1123 972 ltorreus

317 1034 482 1108 Caucasus,
507 1034 737 1109 Hyrcanaeque
760 1037 931 1095 eduorum
951 1037 1049 1096 ubera
1075 1039 1175 1111 tiques.

226 1160 317 1218 Patet
339 1160 433 1218 verba

758 1252 797 1307 te
820 1250 907 1308 fera
930 1249 1108 1325 Caspias,

404 1390 504 1447 quae
527 1376 693 1446 virgata
715 1375 790 1454 tibi
813 1377 1003 1448 praebuit
1025 1378 1157 1451 ubera,

226 1500 409 1572 respondere
432 1499 557 1570 Vergilii
582 1499 682 1557 verbis
708 1498 896 1573 „Hyrcanae
919 1500 1090 1558 admoruut
1110 1500 1208 1558 ubero
1223 1500 1349 1573 tiques&

226 1624 311 1698 Quod
344 1624 418 1681 dicit
450 1624 526 1681 Dido
550 1639 596 1680 vs.
622 1624 686 1681 365
726 1622 807 1696 „Nec
832 1623 887 1682 tibi
910 1625 982 1683 aloa
1000 1640 1129 1699 pareus,
1152 1627 1273 1699 qeueu's
1296 1642 1350 1684 uec

225 1749 397 1808 Dardauus
431 1749 559 1808 auetor’'
596 1749 685 1807 Herc.
715 1749 781 1807 Oet.
810 1750 869 1807 147
906 1764 971 1820 sqq.
996 1764 1016 1806 a
1038 1751 1131 1807 choro
1153 1749 1254 1808 multo
1277 1765 1349 1808 cum

227 1872 392 1947 verborum
415 1874 536 1930 tumore
560 1887 742 1945 expressum
765 1874 829 1930 est:

314 1995 423 2053 falsa
446 1997 509 2086 est
531 1995 575 2053 de
598 1996 775 2066 geminis
797 1996 936 2054 fabula
958 1997 1157 2070 noctibus

314 2119 457 2218 aether
481 2132 599 2189 quum
621 2119 758 2176 tenuit
780 2119 916 2176 sidera
938 2119 1112 2194 longius,

314 2242 604 2312 commisitque
627 2242 739 2300 vices
761 2242 923 2300 Lucifer
945 2242 1125 2315 Hespero

314 2368 354 2424 et
376 2365 503 2424 solem
527 2366 662 2424 vetuit
684 2365 800 2424 Delia
822 2367 989 2425 tardior.

227 2491 355 2562 Thyest.
382 2492 444 2549 588
469 2506 514 2562 sq.
540 2491 681 2549 videmus
704 2505 790 2548 mare
814 2491 953 2561 quietum
976 2491 1346 2563 cumpalndecollatum:

314 2615 346 2672 si
370 2606 466 2673 suae
491 2614 628 2673 ventis
651 2614 837 2673 cecidere
861 2615 980 2688 vires,

314 2741 456 2797 mitius
478 2741 626 2809 stagno
649 2738 820 2810 pelagus
841 2736 1050 2813 recumbit,

224 2880 285 2936 qua
313 2864 450 2934 imagine
480 2876 644 2934 expressus
676 2862 796 2920 videtur
818 2861 904 2920 locus
928 2863 1130 2933 Vergilianum
1156 2864 1234 2920 Aen.
1258 2862 1342 2921 VHL

226 2990 267 3048 88
291 3005 356 3060 sqq.
381 2988 466 3046 enim
489 2987 637 3058 legimus:

652 3108 745 3165 tace‘ta
767 3108 900 3182 restueus
923 3108 969 3165 tta
991 3108 1245 3182 substituturum,

400 3235 485 3292 mitte
508 3236 544 3291 ut
565 3234 599 3291 tu
621 3248 739 3291 moreau
762 3235 875 3307 stauai,
896 3234 1103 3306 placidaeque
1121 3233 1252 3306 putaretis

400 3360 548 3416 sterneret
569 3373 686 3430 aequor
709 3358 811 3429 aquis

267 3535 438 3593 Recensitis
467 3534 652 3604 imaginibus
683 3537 720 3592 ab
751 3539 879 3607 utroque
907 3538 999 3608 poeta
1022 3536 1166 3594 adhibitis
1188 3535 1345 3593 cncumlo·

223 3662 362 3720 cationes
385 3659 563 3733 nonnullae,
588 3674 665 3731 quae
688 3661 774 3718 etin
798 3661 964 3731 tragoediis
987 3661 1072 3718 etin
1092 3659 1219 3730 Vergilii
1238 3659 1345 3718 carun-

223 3789 312 3846 nibus
338 3788 457 3860 extant,
473 3786 476 3790 ’
490 3785 540 3843 hic
571 3786 800 3843 enumerentur.
848 3787 893 3843 Ac
924 3785 1059 3857 primum
1084 3782 1208 3855 quidem
1230 3783 1343 3853 Agam.

225 3912 286 3969 591
312 3925 377 3982 sqq.
403 3910 514 3968 chorus
538 3908 712 3966 exclamat:

267 4036 341 4093 heu
365 4050 482 4107 quam
509 4034 626 4092 derlee
655 4033 801 4091 malum
833 4032 1080 4091 mortalibus
1110 4029 1302 4101 additum,

267 4142 379 4199 vitae
406 4141 520 4199 dirus
553 4156 672 4214 amor,
708 4155 827 4212 quum
860 4140 1003 4212 pateat
1032 4137 1155 4195 malis

267 4248 475 4321 effugium,
508 4248 547 4305 et
577 4247 752 4305 miseros
781 4246 913 4304 libera
935 4243 1190 4315 morsvocet,

266 4357 409 4427 portus
439 4355 609 4412 aeterna
639 4353 827 4433 placidus
857 4352 1007 4424 quiete!
