3150 5356
773 581 814 638 34

360 761 601 841 iuprecle‘turpue
624 772 687 830 solo
711 775 740 831 et
762 776 857 846 cuput
877 774 958 832 luter
980 773 1091 832 uubc'lu
1114 775 1224 848 coudc‘t,

223 890 303 947 quae
328 885 424 944 verba
446 890 580 950 redeunt
602 895 681 952 Aen.
705 896 745 954 X.
772 898 845 955 767.

224 1052 316 1115 Herc.
349 1060 416 1120 Oet.
452 1067 515 1126 104
540 1085 606 1143 sqq.
630 1073 706 1132 felix
729 1076 858 1133 vocatur
880 1076 915 1149 is,
941 1076 992 1147 qui
1019 1091 1076 1134 uec
1098 1078 1234 1134 mortem
1257 1091 1357 1149 neque

224 1179 340 1242 Orcum
361 1187 464 1265 timet,
490 1195 522 1252 et
545 1211 592 1254 vs.
620 1199 680 1257 107
705 1215 771 1272 sqq.
796 1201 907 1258 chorus
930 1201 1045 1274 pergit:

361 1316 550 1390 quisquis
573 1323 645 1381 sub
664 1323 841 1396 pedibus
864 1324 956 1397 futu
978 1324 1154 1398 rupucc'u

363 1442 399 1497 et
416 1459 596 1519 puppem
614 1448 759 1521 posuit
780 1448 975 1521 flumiuc's
997 1448 1146 1522 ultimi,
1209 1454 1212 1460 “

363 1579 442 1624 nou
466 1572 634 1642 captiva
657 1573 769 1630 dabit
791 1574 958 1665 erachia
981 1573 1173 1646 vinculis,

227 1694 307 1751 quae
319 1688 487 1764 sententia,
502 1709 542 1751 ex
553 1694 675 1768 llpicuri
686 1695 880 1769 philosophia
891 1697 996 1770 petita,
1010 1697 1091 1770 apud
1102 1696 1274 1768 Vergilium
1286 1711 1356 1768 quo·
1384 1734 1391 1758 .

228 1819 287 1877 que
299 1809 467 1891 iuvenitur,
482 1820 533 1890 qui
545 1822 655 1879 eadem
666 1823 850 1894 metaphora
862 1836 944 1895 usus,
955 1821 1064 1892 Georg.
1071 1823 1110 1880 ll.
1118 1823 1182 1880 490
1192 1836 1257 1893 sqq.
1269 1805 1355 1879 dicit:

318 1934 405 2013 fellu,
431 1943 487 2013 qui
504 1946 612 2017 potuit
632 1961 741 2004 recum
763 1961 938 2019 copuescece
961 1960 1072 2003 cousus
1149 1973 1151 1978 ·

267 2082 269 2087 ·
319 2062 414 2134 utque
436 2069 535 2126 metus
558 2071 659 2128 omues
683 2073 711 2128 et
732 2071 995 2128 e'ueuouube'le
1017 2069 1150 2143 futuru

319 2186 498 2248 subiecit
526 2193 703 2265 pedibus
733 2196 1037 2268 strepitumque
1067 2195 1261 2253 Acherou-

1004 2301 1069 2370 (tc's
1092 2301 1220 2358 uouri.

230 2411 359 2487 Singula
403 2421 436 2479 iu
478 2425 607 2497 utraque
641 2427 825 2500 metaphora
857 2427 939 2485 iuter
972 2442 1005 2485 se
1038 2427 1221 2500 respondere
1256 2419 1357 2498 quivis

230 2540 398 2621 intellegit,
431 2565 621 2624 quamquam
651 2554 742 2626 poeta
771 2554 907 2624 tragicus
934 2553 1027 2610 verba
1053 2552 1236 2626 „strepitum
1258 2551 1355 2609 Ache·

230 2668 330 2726 rontis
342 2673 429 2730 avari
441 2674 568 2732 subiecit
579 2675 736 2749 pedibus’',
746 2675 856 2734 leviter
868 2677 1009 2748 variavit,
1023 2676 1128 2733 dicens
1142 2674 1355 2748 „suppedibus

231 2791 334 2861 posuit
367 2810 502 2868 puppem
535 2798 674 2856 fluminis
701 2799 834 2872 ultimi'',
866 2800 970 2872 itaque
993 2814 1056 2857 non
1078 2798 1144 2855 sine
1168 2798 1233 2855 veri
1255 2796 1356 2868 specie

232 2916 368 2977 statuere
388 2921 465 2979 mihi
486 2923 590 2980 videor
608 2938 682 2981 eum
700 2923 827 2994 Vergilii
846 2922 1026 2994 exemplum
1045 2923 1095 2979 hic
1114 2922 1256 2979 secutum
1275 2934 1354 2977 esse.

232 3077 344 3147 Agam.
370 3081 444 3139 471.
470 3082 507 3140 de
530 3084 610 3141 mari
633 3084 736 3141 ventis
759 3084 916 3141 commoto
940 3082 1064 3140 dicitur:

499 3207 539 3264 in
562 3209 675 3266 astra
697 3209 847 3281 pontus
869 3206 1046 3278 tollitur,

233 3341 366 3398 quacum
400 3330 531 3389 dictione
565 3332 706 3390 Lemaire
729 3331 848 3389 confert
870 3330 968 3388 Ovidii
991 3330 1116 3387 Metam.
1140 3328 1194 3386 XI.
1220 3329 1282 3386 497
1307 3341 1353 3398 sq.

365 3454 515 3528 fluctibus
539 3458 679 3546 eripitur,
704 3456 882 3528 cueluuupue
905 3470 1038 3528 uequuce
1060 3453 1180 3512 uidetur

360 3583 478 3654 poutus
501 3584 529 3639 ct
552 3581 695 3640 iuductus
718 3580 881 3652 uspcupc'ue
906 3579 1042 3651 tiupuere
1065 3576 1170 3650 uulua,

233 3706 323 3779 recte,
360 3707 413 3765 sed
446 3707 563 3765 maiore
598 3707 673 3778 iure,
699 3707 733 3763 ut
749 3705 886 3793 uidetur,
911 3703 1064 3760 Aeneidos
1086 3701 1172 3759 locus
1193 3699 1354 3757 laudatur:

232 3826 346 3886 usur.
371 3845 417 3887 vs.
446 3831 507 3888 roa
532 3845 576 3902 sq.
623 3801 624 3806 ‘

325 3953 402 4011 tultu
424 3955 554 4013 luctuutc‘
576 3954 709 4012 strideus
732 3952 886 4025 Aquileuc
905 3952 1044 4025 procelle

322 4077 424 4135 uelum
446 4078 577 4137 aduersu
600 4077 682 4151 fecit,
707 4075 948 4149 fluctusque
972 4075 1022 4133 ud
1043 4075 1184 4133 sideru
1209 4073 1330 4145 tollit,

234 4214 293 4272 quo
323 4201 390 4260 loco
424 4218 487 4260 non
521 4203 623 4261 solum
646 4202 778 4260 eandem
800 4200 1103 4259 circumlocutionem
1127 4200 1276 4271 videmus,
1301 4198 1356 4256 sed

234 4326 424 4385 senteutiam
446 4328 556 4387 iisdem
579 4328 642 4386 fere
665 4327 766 4386 verbis
788 4341 978 4398 expressam.
