3150 5356
771 592 811 648 45

228 783 278 840 lta
307 783 444 854 queritur
466 783 539 841 Iole.
586 785 677 857 Apud
699 785 871 856 Vergilium
894 785 1008 843 similia
1030 786 1171 845 invenies
1194 788 1273 845 Aen.
1298 787 1353 846 Xl.

230 906 271 962 96
292 920 352 976 sq.
388 906 449 987 ubi
473 906 605 980 Aeneas,
634 910 800 980 postquam
835 909 917 966 iusta
946 909 1040 967 solvit
1063 912 1180 982 corpori
1203 911 1353 986 Palantia,

227 1029 316 1087 dicit:
1103 1117 1106 1124 Ι

360 1130 416 1235 uos
440 1155 521 1214 ultus
545 1156 616 1214 ltine
639 1157 843 1216 siluerimus
866 1157 973 1215 eudem
996 1159 1126 1217 torridu
1152 1160 1222 1217 bell'

360 1281 431 1354 fotu
453 1283 571 1340 uocant.

228 1509 317 1569 Herc.
343 1511 409 1569 Oet.
436 1513 499 1570 320
524 1528 569 1584 sq.

450 1652 550 1694 saxa
580 1638 658 1695 iam
688 1639 834 1696 dudum
864 1641 902 1696 et
932 1639 1043 1696 iaces

316 1759 356 1818 in
387 1762 425 1819 te
455 1760 651 1821 ferentur.

227 1882 302 1940 Tela
324 1884 461 1942 seditiosi
483 1885 586 1957 populi
608 1886 652 1943 ita
674 1886 888 1944 memorantur
911 1889 989 1944 Aen.
1009 1887 1033 1945 l.
1061 1886 1133 1944 150:

299 2007 423 2081 tumque
446 2007 528 2080 sures
552 2011 580 2066 et
600 2025 681 2067 sonu
703 2010 816 2083 nolunt,
840 2009 933 2082 furor
955 2025 1048 2067 ortuo
1070 2009 1240 2069 ministrat.

228 2235 318 2293 Hero.
344 2236 409 2295 Oet.
436 2239 499 2296 344
523 2254 568 2310 sq.
616 2240 759 2297 Deianira
781 2238 953 2297 exclamat:

315 2361 386 2435 ire,
419 2363 477 2420 ire
507 2365 551 2422 ad
583 2365 745 2445 umbras
775 2353 965 2422 Herculis
996 2365 1163 2436 nuptam
1193 2363 1308 2439 libet,

315 2486 384 2543 sed
414 2501 493 2544 non
522 2487 713 2559 inultam,

226 2612 258 2669 et
280 2612 359 2670 inira
382 2628 428 2670 vs.
455 2614 528 2671 845.
553 2629 598 2686 sq.
701 2616 706 2623 ’

314 2738 380 2795 eat
409 2753 478 2810 per
508 2739 624 2796 artus
653 2739 765 2796 ensis
796 2739 968 2795 exactus
998 2752 1117 2810 meos,

315 2861 383 2933 sio,
415 2861 473 2919 sie
505 2863 712 2932 agendum.

225 2985 386 3056 Forbigero
409 2947 533 3044 auctore
557 2988 685 3059 utroque
707 2987 775 3044 loco
789 2988 927 3059 respexit
938 2990 1029 3059 poeta
1052 2988 1129 3045 Aen.
1143 2987 1195 3046 IV.
1211 2970 1274 3047 660
1291 3003 1347 3063 sq„

226 3110 275 3168 ubi
297 3111 373 3169 Dido
396 3110 490 3168 simili
512 3111 545 3168 in
567 3127 613 3168 re:

762 3233 932 3291 moriemur
954 3232 1080 3307 inultae,

313 3359 366 3416 sed
387 3359 583 3416 moriemur!
605 3359 668 3416 uit:
691 3359 743 3430 sle,
768 3358 811 3416 sio
835 3358 923 3414 ierunt
944 3357 989 3414 ire
1011 3357 1069 3415 snb
1093 3357 1233 3416 u-rubrus.

224 3483 282 3541 Pro
310 3484 401 3541 verbo
429 3483 579 3541 moriendi
617 3483 702 3540 onim
736 3484 862 3554 uterque
896 3483 987 3554 poeta
1014 3483 1087 3540 dicit
1118 3483 1181 3556 „ire
1205 3484 1244 3541 od
1268 3483 1343 3552 (sub)

225 3607 382 3679 umbras”;
411 3609 443 3666 et
469 3608 660 3665 senteutiam
686 3608 763 3680 „hae
785 3608 853 3680 ipsa
874 3607 993 3665 ratione
1016 3607 1139 3681 moriar,
1164 3623 1225 3679 qua
1248 3607 1345 3665 semel

225 3730 390 3788 constitui’
414 3730 492 3788 alter
515 3730 616 3788 vernis
643 3731 712 3804 „ein
736 3730 780 3789 ste
802 3731 979 3802 agendum'
1003 3731 1082 3790 alter
1104 3732 1175 3805 „sin
1199 3732 1243 3789 sie
1260 3733 1348 3790 iuvat

171 3873 177 3882 ·
224 3855 267 3913 ire
291 3855 347 3912 sub
370 3845 516 3912 umbras'’
541 3854 696 3926 exprimit.

224 4084 315 4142 Hero.
340 4083 406 4141 Oet.
433 4084 495 4141 519
521 4098 566 4155 sq.
591 4083 628 4141 de
651 4083 804 4141 moriente
826 4084 925 4142 Nesso
948 4085 1058 4142 dicitur

446 4207 519 4265 ille
549 4208 627 4265 iam
658 4223 859 4281 quaereus
891 4209 991 4267 diem

313 4332 450 4390 tabum
479 4330 681 4389 fluentem
711 4332 900 4391 vulneris
930 4333 1076 4392 dextra
1106 4334 1276 4406 excipio
