3150 5356
680 531 762 616 'ae

262 750 414 809 aemiuli
437 751 568 809 alemunia
592 751 758 824 antiquum
780 752 814 809 in
837 752 994 810 montibus
1018 769 1131 812 eruunt

263 888 361 946 quum
383 873 468 946 ferro
491 875 626 933 neeiauun
648 875 823 947 crebrisque
848 875 1032 948 bipennibus
1055 878 1175 935 instent
1234 892 1246 904 ⁴

263 1013 367 1055 eruere
391 998 546 1071 upuieoiee
569 999 718 1057 certatim.

175 1141 298 1199 Sitniles
318 1142 569 1214 eomparatiimes
588 1141 684 1199 ettam
700 1143 780 1215 apud
799 1142 971 1201 Homerum
983 1144 1103 1217 extant,
1117 1159 1157 1202 ex
1169 1159 1301 1217 quarum

173 1258 304 1321 numero
338 1264 397 1321 hae
431 1264 509 1322 duae
543 1263 714 1322 sufficiant:
750 1264 786 1322 ll.
826 1264 911 1323 XIII.
936 1266 999 1325 389
1024 1281 1089 1338 sqq.
1114 1266 1151 1324 de
1175 1267 1300 1325 homine

52 1456 56 1460 .
173 1388 271 1445 acelso
295 1374 421 1446 dieitu'r:

306 1529 398 1606 ἤριπε
423 1523 495 1597 δ’ὡς
518 1526 570 1587 ὅτε
597 1549 646 1598 τις
669 1524 742 1607 δρῦς
766 1530 880 1607 ἤριπεν
905 1533 923 1607 ι]
947 1525 1092 1608 ιὶχερωίς,

304 1653 339 1729 ἠὲ
364 1651 461 1724 πίτυς
483 1649 627 1736 βλωθρή,
652 1655 711 1730 τὴν
736 1649 870 1732 δὀὔρεσι
896 1650 1045 1721 τέκτονες
1069 1647 1183 1730 ἄνδρες

305 1774 455 1854 ἐξέταμον
481 1773 644 1837 πελέκεσσι
670 1781 792 1853 νεήκεσι
818 1780 907 1851 uictu
934 1765 1028 1836 εἶναι.

172 1925 207 1983 Π.
232 1926 284 1983 IV.
311 1926 384 1984 482.

373 2044 390 2104 ὃ
413 2041 473 2104 <itu
498 2042 618 2126 κονίῃσι
644 2044 742 2123 χαμαὶ
766 2040 861 2103 πέσεν
887 2039 1022 2123 αἴγειρος
1046 2041 1095 2113 ὣς.

175 2173 363 2231 imitationis
397 2174 543 2231 indicium
578 2175 685 2230 tamen
716 2173 773 2230 hee
803 2188 871 2230 esse
903 2173 1023 2230 videtur
1057 2172 1137 2244 quod
1171 2173 1298 2242 uterque

173 2300 265 2371 poeta
287 2299 446 2356 Romanus
469 2298 506 2355 de
530 2313 605 2356 omo
628 2297 748 2355 loeutus
771 2299 828 2354 est.

216 2423 299 2497 Quod
330 2423 444 2480 attinet
474 2423 512 2480 ad
542 2422 674 2480 alteram
704 2422 883 2493 imaginem,
916 2420 1070 2491 Vergilius
1100 2421 1192 2478 habet
1217 2422 1295 2478 Aen.

171 2545 226 2603 IX.
253 2547 315 2603 708
340 2560 405 2616 sqq.

572 2650 711 2722 collapsa
733 2652 832 2707 ruunt
853 2649 1007 2706 iinununie
1029 2649 1180 2707 membru.

235 2948 239 2956 .
306 2899 390 2957 Telis
413 2900 447 2957 in
470 2899 603 2957 Euboico
627 2899 784 2958 Baiarum
809 2899 895 2956 iibere
919 2899 1079 2972 quendem

303 3040 399 3083 aenea
417 3025 489 3098 pilu
513 3025 604 3107 eadit,
630 3026 755 3098 mupnis
780 3041 877 3098 quun
900 3024 1035 3083 molibus
1058 3027 1116 3083 unt
1151 3063 1153 3068 -

304 3153 511 3209 eonetuueiuun
529 3153 626 3224 penio
650 3151 769 3209 incitent
800 3156 823 3221 ).
1052 3223 1055 3226 ‚

215 3273 334 3345 Saxum
356 3273 469 3350 dmum
491 3274 587 3331 etiam
606 3275 638 3331 in
657 3274 805 3347 Phaedra,
828 3290 874 3331 va.
889 3275 952 3331 580
965 3289 1042 3347 sqq„
1056 3274 1165 3345 poetae
1176 3273 1294 3343 tragico

170 3397 277 3467 aptam
300 3396 438 3467 praebuit
461 3397 632 3466 imaginem
655 3398 693 3454 ad
716 3398 817 3455 uninei
838 3397 975 3470 ripereun
997 3397 1231 3467 illustrandum
1256 3397 1293 3454 de

67 3556 74 3567 -
171 3519 338 3593 Hippolyto
362 3521 447 3579 enim
470 3521 628 3579 Phaedrae
651 3522 758 3579 nutrix
780 3522 869 3580 dicit:

303 3646 346 3702 ut
368 3645 466 3703 dura
488 3647 630 3704 cautes
652 3647 829 3718 undique
852 3646 1142 3704 intractabilis

303 3769 470 3827 resistit
492 3751 612 3829 undis¹
635 3773 674 3828 et
696 3771 957 3829 lacessentes
980 3784 1105 3841 aquas

303 3893 423 3965 longe
446 3896 641 3968 remIttit,
667 3896 788 3953 verba
811 3895 869 3952 sie
891 3894 1051 3967 spernit
1073 3908 1168 3966 mea,

170 4031 231 4089 qua
252 4017 318 4090 ipsa
340 4019 476 4088 imagine
498 4018 652 4090 Vergilius
675 4034 749 4077 usus
767 4018 995 4092 implacabilem
1014 4018 1140 4076 Didonis
1151 4019 1292 4076 mentem

169 4143 308 4216 depingit
330 4144 398 4201 Aen
421 4144 473 4201 VI.
500 4145 563 4202 469
588 4158 653 4215 sqq.

209 4294 230 4360 ¹)
250 4297 395 4362 Vergilium
413 4298 541 4360 expressit
563 4295 645 4346 Silius
666 4297 710 4345 IV.
731 4295 791 4345 297.
831 4311 833 4316 ’
