3150 5356
324 2087 437 2162 Quanti
469 2087 577 2146 fecerit
605 2090 698 2160 poeta
719 2089 859 2159 tragicus
881 2089 1056 2160 Vergilium
1079 2103 1237 2161 quamque
1259 2089 1398 2148 studiose

281 2198 349 2257 eius
382 2199 523 2257 carmina
544 2199 733 2257 lectitaverit
753 2198 946 2258 lucidissime
968 2201 1096 2272 apparel
1119 2199 1151 2257 in
1174 2198 1345 2258 Troadibus
1366 2200 1399 2258 ei

281 2309 539 2380 Agamemnone,
567 2310 680 2382 quibus
701 2310 869 2382 tragoediis
890 2310 1006 2383 pariter
1028 2312 1121 2382 atque
1143 2309 1300 2368 Aeneidos
1321 2309 1398 2368 libro

280 2420 416 2478 secundo
438 2435 488 2478 res
511 2420 663 2479 Troianae
674 2421 861 2479 tractantur.
884 2420 1166 2480 Hancobcausam
1179 2434 1242 2478 non
1256 2419 1397 2479 unoloco

279 2533 408 2590 eaedem
429 2548 488 2604 ros,
512 2532 629 2591 eisdem
653 2547 744 2606 saepe
756 2533 858 2591 verbis
869 2534 1024 2606 narratae,
1040 2530 1202 2591 luculenta
1212 2531 1398 2590 imitationis

279 2643 392 2701 indicia
413 2644 571 2716 praebent.
594 2643 726 2701 Initium
749 2643 845 2714 igitur
866 2643 981 2702 faciam
1003 2659 1021 2702 a
1044 2643 1153 2702 Troad.
1177 2643 1216 2701 44
1240 2658 1319 2716 squ,
1347 2643 1397 2701 ubi

280 2752 409 2812 Hecuba
431 2756 539 2812 narrat
560 2754 687 2812 caedem
710 2754 826 2812 Priami
847 2770 866 2812 a
888 2753 1010 2825 Pyrrho
1032 2753 1254 2812 commissam:

407 2864 496 2923 Vidi
525 2865 807 2924 execrandum
835 2864 974 2936 regiae
1004 2863 1144 2922 caedis
1174 2862 1291 2921 nefas

406 2976 602 3051 ipsasque
634 2976 679 3035 ad
708 2992 801 3035 uras
831 2976 964 3036 maius
993 2975 1217 3033 admissum
1247 2975 1382 3033 scelus

405 3086 555 3145 Aeaeis
584 3086 727 3162 armis,
758 3104 847 3147 oum
875 3087 1010 3163 ferox,
1042 3104 1189 3148 scaeva
1218 3104 1339 3148 manu

405 3195 525 3256 Coma
555 3197 781 3259 reflectens
810 3199 969 3271 regium
1000 3200 1114 3258 torta
1142 3202 1282 3274 caput,

405 3307 502 3367 Alio
525 3309 751 3369 nefandum
782 3308 947 3368 vulneri
976 3310 1129 3368 ferrum
1155 3310 1324 3369 abdidit.

320 3418 421 3478 Nemo
454 3435 517 3479 non
548 3420 632 3479 videt
654 3424 780 3494 poetam
802 3420 960 3492 tragicum
982 3422 1033 3481 hic
1055 3422 1246 3495 expressisse
1268 3419 1395 3492 Vergilii

277 3530 519 3604 descriptionem
540 3532 680 3591 eiusdem
703 3532 746 3591 rei
768 3531 847 3590 Aen.
870 3532 909 3590 Π.
933 3532 1005 3590 550.
1028 3548 1094 3606 sqq.

404 3636 476 3700 Hoc
497 3637 600 3700 dicans
621 3638 736 3700 altaria
758 3637 803 3701 ad
821 3639 889 3718 apsa
910 3645 1086 3700 trementem

403 3750 499 3812 traxit
519 3757 546 3811 at
567 3750 598 3811 in
620 3749 714 3811 multo
735 3749 903 3829 lapsantem
924 3749 1079 3830 sanguine
1100 3750 1182 3826 nati,

403 3861 607 3942 rlnplicuitque
628 3880 748 3922 comam
769 3860 855 3923 laeua
877 3859 1045 3940 dextraque
1065 3880 1227 3923 coruscum

403 3971 506 4034 extulit
527 3992 563 4034 ac
583 3971 676 4034 lateri
692 3972 800 4052 capulo
820 3979 907 4034 tenus
928 3971 1046 4034 abdidit
1066 3991 1176 4035 ensem.

319 4087 367 4145 Ad
390 4102 500 4146 versus
521 4088 631 4146 tamen
654 4087 706 4159 qui
729 4090 922 4159 sequuntur:

402 4197 507 4272 Quod
538 4198 1392 4272 penitusactumquumreoepisseilibens

402 4307 526 4367 Ensis
554 4309 680 4368 senili
710 4310 846 4370 siccus
872 4325 889 4369 e
917 4309 1063 4383 iugulo
1095 4310 1221 4384 redit,
